3616 5026
1442 253 1976 326 GEORGIOON
2014 259 2184 326 LIB.
2247 260 2298 326 Ι.
2915 265 3026 328 231

689 419 902 501 Quam
947 421 1192 486 circum
1236 431 1573 488 extremae
1616 422 1851 491 dextra
1894 427 2212 514 laevaque
2252 427 2595 491 trahuntur
2936 440 3035 490 235

687 503 1066 585 0861111686,
1109 501 1318 588 glacie
1361 516 1709 572 concretae
1753 520 1948 597 atque
1990 508 2311 575 imbribus
2356 511 2550 593 atris3

685 585 829 652 Has
871 588 1043 651 inter
1088 586 1499 737 mediaquue
1547 588 1717 656 duae
1759 592 2150 658 mortalibus
2195 595 2412 678 aegris

686 669 956 735 Munere
1001 692 1351 736 concessae
1442 674 1636 756 ivoni,
1682 686 1745 739 et
1787 678 1898 741 via
1944 686 2124 742 secta
2165 698 2283 763 per
2328 676 2575 757 ambaS,

682 937 991 1061 ffipioetur
1026 939 1083 990 et
1121 936 1309 1058 Cgaud.
1350 936 1601 1061 XXXIHF·'
1640 943 1754 1019 244.
1791 939 2026 995 indicare
2062 941 2292 1021 videtur,
2330 944 2550 1021 propter
2585 942 2809 1020 rubrum
2843 942 2898 1018 et
2917 956 3034 1061 cge-

683 1020 1509 1153 ctaguzipgffigtffiuog?osi‹
1532 1009 2100 1131 fdrrffcdetgffirzllel‘s)
2117 1009 2442 1154 2111111ξὸξὲζὲ
2472 1008 3033 1130 ῧὲὦῖξηῂὲξῗτίὲῃνὲἶ

684 1142 793 1197 lere
828 1146 1029 1211 possit,
1082 1140 1186 1194 huc
1229 1144 1414 1196 tamen
1450 1157 1555 1195 non
1592 1142 1843 1212 quadrat,
1893 1149 1948 1196 et
1984 1145 2031 1197 si
2068 1144 2154 1198 hic
2191 1145 2255 1199 de
2289 1148 2478 1198 nativo
2514 1142 2686 1197 colore
2723 1160 2896 1197 sermo
2933 1146 3034 1206 est,

684 1209 847 1265 etiam
885 1208 1029 1263 infra
1063 1209 1129 1263 de
1164 1209 1369 1262 tabulis
1403 1210 1644 1264 caeruleo
1680 1211 1854 1265 colore
1881 1211 2033 1265 illitis
2073 1212 2296 1277 cogitari
2333 1212 2419 1264 vix
2452 1216 2649 1280 potest.
2741 1211 2899 1265 Sole
2935 1229 3035 1263 rn-

684 1280 834 1332 bena
867 1277 1037 1346 igitur
1072 1284 1198 1342 (von
1239 1278 1341 1330 cler
1377 1276 1558 1332 Somne
1590 1280 1854 1345 yar-emet)
1889 1296 1994 1332 non
2035 1274 2195 1334 aliter
2236 1277 2668 1349 intelligendum,
2706 1284 2868 1350 atque
2895 1278 3036 1333 infra

683 1362 731 1399 v.
771 1348 888 1398 251.
927 1346 1126 1398 rubeus
1172 1344 1388 1415 Vesper.
1428 1345 1512 1397 cf.
1556 1346 1718 1399 etiam
1760 1345 1915 1400 Ovid.
1953 1347 2104 1402 Fast.
2145 1347 2238 1408 VI,
2282 1351 2417 1409 727„
2454 1346 2546 1400 ubi
2574 1345 2764 1399 Cancri
2800 1346 3032 1415 signum,

719 1411 826 1467 uod
861 1427 1051 1466 zonam
1084 1411 1345 1466 torridam
1391 1428 1422 1464 a
1460 1413 1841 1482 septemtrione
1878 1415 2161 1475 terminat.
2218 1415 2403 1469 eadem
2456 1414 2521 1468 de
2558 1428 2720 1467 causa
2753 1415 3037 1468 rubescere

683 1429 899 1534 dicitur.
928 1510 995 1520 —
1021 1479 1200 1533 Verba
1236 1481 1508 1533 torrida
1543 1499 1794 1550 seveoper
1833 1482 1912 1534 ab
1947 1483 2092 1550 iqui
2128 1483 2398 1537 iterantur
2429 1483 2484 1536 in
2508 1481 2671 1535 Anth.
2701 1480 2818 1535 Lat.
2845 1480 3033 1537 Burm.

682 1548 733 1612 1,
781 1551 900 1609 171,
950 1551 998 1600 5.
1070 1546 1223 1611 Quod
1267 1548 1467 1601 attinet
1511 1547 1580 1602 ad
1629 1548 1771 1602 hunc
1817 1565 1973 1603 usum
2014 1549 2434 1619 Praepositionis
2469 1550 2634 1603 Conin
2707 1587 2718 1599 .
2760 1553 3034 1619 comparat

681 1615 836 1671 Ovid.
876 1614 1007 1668 Met.
1046 1614 1091 1676 1,
1131 1617 1212 1668 66.
1248 1614 1551 1684 pluvioque.
1583 1617 1848 1670 mucescit
1880 1619 1950 1670 ab
1974 1619 2199 1671 Austro.
2239 1618 2321 1673 Cf.
2344 1616 2599 1672 Ruddim.
2698 1658 2709 1670 .
2745 1634 2795 1686 p.
2835 1619 2951 1671 211.
2977 1620 3032 1671 et

680 1683 858 1737 Hand.
886 1682 1039 1737 Turs.
1064 1681 1105 1735 1.
1173 1723 1184 1735 .
1210 1686 1274 1734 27
1299 1699 1398 1763 sq„
1436 1683 1612 1736 multa
1636 1683 1798 1738 etiam
1821 1684 2151 1753 pedestrium
2174 1686 2498 1755 scriptorum
2522 1684 2763 1753 exempla
2782 1684 3026 1738 afferens,

681 1750 788 1805 Alii
824 1751 1002 1804 minus
1036 1766 1094 1804 re
1215 1751 1285 1802 ab
1320 1768 1460 1818 tque.
1565 1751 1817 1805 Formam
1855 1753 1973 1819 iyni
2015 1769 2118 1806 non
2171 1753 2345 1806 solum
2390 1769 2424 1807 a
2463 1751 2535 1806 ud
2579 1756 2791 1820 poetae,
2848 1767 3031 1806 verum

683 1819 847 1873 etiam
886 1817 1030 1888 apud
1104 1817 1331 1872 edestris
1368 1818 1625 1872 orationis
1663 1820 1952 1887 scriptores
1998 1836 2028 1871 o
2066 1821 2322 1874 timorum
2348 1769 2516 1874 Cogd.
2555 1819 2876 1873 auctoritate
2949 1836 3031 1873 ro-

682 1885 799 1941 bari
839 1885 996 1939 docet
1035 1834 1342 1939 Ssshneider.
1382 1884 1476 1940 Gr.
1515 1885 1635 1940 Lat.
1674 1886 1752 1949 11,
1807 1892 1851 1939 1.
1897 1905 1948 1956 p.
1991 1837 2107 1941 2211.
2180 1888 2263 1941 Cf.
2302 1889 2465 1943 etiam
2507 1887 2776 1941 Drakenb.
2815 1887 2885 1955 ad
2964 1888 3033 1941 iv,

682 1953 727 2016 1,
766 1957 851 2015 41,
889 1956 937 2007 3.
974 1952 1069 2015 IV,
1107 1957 1154 2011 9.
1195 1955 1244 2006 8.
1282 1952 1465 2006 Bentl.
1503 1952 1573 2007 ad
1607 1954 1737 2008 Hor.
1778 1954 1892 2007 Sat.
1930 1955 1981 2017 1,
2025 1961 2072 2011 5.
2116 1959 2195 2009 72.
2233 1958 2289 2011 et
2326 1957 2502 2024 Epist.
2547 1955 2591 2015 1.
2634 1958 2712 2011 17.
2754 1959 2836 2007 30.
2876 1955 3032 2009 Iahn.

682 2020 750 2075 ad
784 2019 839 2074 h.
876 2020 917 2075 1.
958 2019 1122 2074 Bach.
1161 2020 1229 2074 ad
1267 2019 1423 2075 ovid.
1460 2020 1591 2075 Met.
1634 2021 1677 2076 1.
1720 2024 1802 2074 53.
1843 2022 2095 2076 Ruddim.
2135 2023 2178 2076 Ι.
2216 2040 2269 2091 p.
2309 2028 2391 2077 85.
2464 2023 2716 2075 Ceterum
2751 2038 2846 2091 per
2882 2023 3036 2090 iquos

681 2105 815 2143 zona
857 2087 1066 2142 torrida
1108 2087 1448 2157 significatur
1493 2089 1655 2143 etiam
1702 2088 1925 2143 Horatio
1973 2089 2074 2145 Od.
2116 2090 2218 2151 ΙΙΙ,
2256 2094 2303 2147 3.
2343 2095 2455 2145 57..
2509 2090 2598 2159 qui
2635 2089 2740 2142 alio
2776 2088 2892 2143 loco
2929 2089 3031 2144 ΠΙ.

683 2160 765 2220 24,
803 2159 888 2209 37.
925 2171 1045 2211 68111
1079 2160 1235 2209 vocat
1273 2165 1487 2225 partem
1515 2156 1771 2225 fervidis
1815 2158 2082 2212 inclusam
2123 2159 2418 2212 caloribus.
2467 2188 2533 2197 —
2577 2153 2706 2217 235.
2782 2156 2866 2210 Cf.
2902 2156 3033 2211 Era·

681 2222 849 2279 tosth.
878 2223 916 2277 l.
939 2223 978 2278 l.
1006 2224 1066 2276 «t
1093 2223 1154 2278 δὲ
1196 2222 1315 2276 δύω
1353 2222 1620 2291 ἑκάτερθε
1662 2223 1860 2283 πόλοις
1892 2233 2369 2294 περσπεπῐηκυῖαι
2400 2228 2527 2279 Am
2564 2226 2868 2296 κρυμαλέαο
2899 2253 2976 2270 --
3000 2258 3031 2270 -

680 2294 943 2358 γλαυκοῖο
978 2288 1358 2360 κελαινότεραι
1396 2288 1641 2345 κυάνοιο.
1678 2321 1746 2332 —
1787 2292 1986 2354 Quam
2033 2294 2280 2346 circ-um
2322 2310 2427 2346 non
2466 2292 2530 2346 de
2565 2292 2804 2361 proxima
2842 2292 3036 2346 vicinia

679 2358 1122 2428 intelligendum,
1171 2357 1263 2412 sed
1299 2357 1364 2412 de
1401 2357 1593 2413 latiore
1626 2360 1860 2414 ambitu.
1921 2376 2040 2413 cuni
2086 2363 2417 2429 temperatae
2458 2376 2620 2413 zonae
2663 2359 3030 2414 interiaceant.

680 2459 745 2468 --
780 2435 1125 2485 extremae,
1186 2426 1222 2478 i.
1260 2442 1306 2481 6.
1343 2442 1507 2480 zonae
1541 2426 1609 2480 fri
1654 2425 1770 2481 'dae
1811 2428 1861 2480 in
1904 2428 2158 2481 extremis
2196 2430 2446 2497 partibus
2483 2428 2716 2497 positae.
2759 2429 3034 2480 trahun-

678 2502 809 2554 tur,
851 2496 1099 2551 extensae
1135 2499 1264 2548 sunt
1299 2495 1505 2560 (ze-'eheu
1542 2496 1696 2549 sicel.
1732 2527 1799 2536 —-
1838 2492 1969 2557 236.
2034 2494 2397 2550 Caeruleae
2430 2512 2572 2550 nunc
2611 2494 2874 2550 edidimus
2912 2510 3030 2550 cum

680 2562 911 2618 Ribb.et
926 2563 1160 2624 Ladew„
1203 2562 1369 2617 Codd.
1395 2561 1556 2626 Med„
1598 2562 1735 2621 Pal..
1761 2564 1935 2626 Rom„
1964 2563 2121 2626 Gna..
2160 2564 2386 2619 aliorum
2427 2564 2808 2618 auctoritatem
2845 2564 3030 2624 secuti.

680 2629 820 2701 quod
857 2629 959 2685 1186
995 2645 1158 2683 zonae
1193 2629 1478 2683 caeruleae
1510 2631 1645 2685 bene
1683 2635 2027 2700 opponuntur
2060 2649 2221 2686 zonae
2266 2632 2485 2686 nubenti
2514 2635 2675 2685 antea
2714 2646 3031 2685 commemo-

678 2703 829 2754 ratae
869 2703 925 2753 et
961 2697 1170 2753 librarii
1205 2697 1378 2751 multo
1418 2697 1631 2751 facilius
1671 2697 1737 2752 de
1776 2698 2023 2753 caerulea
2056 2698 2247 2764 glacie,
2290 2717 2450 2770 quam
2492 2700 2557 2753 de
2592 2699 2738 2752 zonis
2775 2698 3033 2753 caeruleis

679 2767 916 2836 cogitare
951 2769 1228 2836 poterant,
1282 2765 1356 2818 im
1397 2766 1550 2819 rimis
1598 2781 1717 2820 cum
1757 2767 1924 2820 etiam
1964 2768 2228 2820 imbribus
2271 2784 2298 2821 e
2339 2767 2545 2822 itheton
2583 2766 2853 2820 adiectum
2887 2766 3035 2820 vide·

680 2839 819 2888 rent.
890 2833 963 2887 Et
996 2832 1209 2887 Ladew.
1256 2833 1347 2902 qui
1387 2849 1472 2886 em
1508 2832 1608 2887 has
1641 2849 1799 2887 zonas
1836 2838 2102 2888 extremas
2137 2851 2302 2887 caeru
2389 2853 2421 2886 s
2457 2832 2559 2886 dici
2599 2838 2760 2901 putat.
2789 2834 2857 2886 ob
2883 2837 3031 2888 tene-

677 2902 804 2956 bras
841 2917 932 2956 eas
970 2903 1236 2969 tegentes,
1280 2899 1400 2954 coll.
1440 2901 1572 2955 Aen.
1609 2900 1710 2960 III,
1754 2905 1867 2956 194.
1905 2904 2212 2965 (caeruleus
2248 2904 2453 2962 inmari,
2483 2902 2576 2955 Vl.
2617 2905 2733 2954 410.
2755 2902 3030 2964 (caerulea

751 2969 910 3040 ppis,
958 2984 1095 3038 quae
1138 2984 1190 3020 v.
1235 2970 1352 3021 303.
1387 2968 1726 3037 sermcqe'nea
1768 2974 2012 3023 vocatur}
2058 2977 2111 3023 et
2152 2969 2290 3023 Ciris
2326 2986 2376 3022 v.
2419 2973 2536 3022 21-1.
2577 2968 2884 3030 (caer-ideae
2918 2986 3033 3021 um·

671 2987 859 3098 ἔξω),
926 3035 1123 3106 quibus
1158 3034 1355 3089 addere
1389 3041 1603 3104 poterat
1646 3037 1773 3090 Aen.
1832 3036 1940 3097 III,
2002 3041 2084 3089 64.
2146 3038 2431 3090 cam-aleae
2485 3036 2652 3088 vittae
2687 3036 3034 3103 (lugentium)

678 3109 733 3159 et
790 3104 865 3168 V,
937 3108 1017 3157 10.
1071 3105 1353 3158 caerulea-s
1412 3103 1596 3160 imber.
1638 3102 1777 3157 Stat.
1815 3103 1978 3158 Theb.
2017 3105 2066 3157 l]
2087 3143 2099 3166 ,
2157 3109 2270 3158 521³.
2329 3105 2521 3156 umbra
2580 3104 2821 3158 caerula.
2861 3103 3027 3157 eiusd.

676 3171 805 3227 SiIV.
868 3171 924 3234 1,
999 3173 1056 3227 6.
1117 3174 1201 3224 85.
1248 3189 1359 3224 noa:
1423 3171 1685 3232 caerula,
1724 3170 1877 3224 Ovid.
1935 3171 2086 3225 Fast.
2137 3171 2237 3232 IV,
2302 3176 2421 3224 4415.
2460 3171 2703 3224 cam-ulei
2737 3171 2863 3239 equi
2899 3171 3033 3225 Plu-

678 3240 822 3295 tonis
862 3240 998 3296 etc.;
1038 3254 1260 3308 eamque
1297 3237 1707 3307 explicationem
1742 3255 1839 3291 nos
1884 3254 2093 3308 quoque
2126 3239 2232 3292 iam
2259 3255 2425 3307 supra
2449 3239 2807 3307 probavimus,
2846 3254 3033 3307 quam-

680 3322 963 3430 gaugffimex
996 3305 1214 3360 Firmici
1264 3304 1381 3427 1232
1426 3322 1591 3385 supra
1612 3305 1816 3426 αι11111ὲί1ἱί
1840 3304 2095 3425 ffiscifiius
2133 3306 2288 3427 thasta
2276 3323 2437 3359 zonas
2477 3309 2741 3425 etnffmps
2774 3306 2943 3425 {itiam
2978 3306 3033 3359 in

930 3374 1186 3428 caeruleo
1223 3390 1288 3427 eo
1382 3389 1411 3427 e
1449 3391 1499 3426 ει
1574 3391 1609 3426 a
1670 3392 1697 3426 ε
1820 3390 1923 3427 sse.
2026 3390 2097 3427 au
2163 3414 2175 3427 .
2289 3390 2409 3427 men
2466 3390 2518 3427 e.
2610 3389 2731 3425 omn
2800 3389 2867 3426 on
2912 3389 3034 3428 cum

673 3443 867 3512 Wagn.
889 3443 1177 3497 servarunt
1198 3440 1345 3509 vulg.
1370 3391 1652 3495 leetign’iem
1681 3439 1947 3494 Caci-valea
1987 3391 2221 3508 (ρῖαιέίω.
2253 3474 2315 3481 --
2341 3448 2691 3494 concretae
2724 3390 2772 3494 ig
2786 3458 2830 3494 6.
2860 3440 3031 3510 glacie

677 3512 939 3580 rigentes,
976 3509 1188 3579 proprie
1228 3509 1296 3562 ad
1338 3508 1506 3562 solam
1544 3510 1775 3576 ylaciem
1816 3509 2069 3578 pertinet.
2110 3508 2202 3563 sed
2240 3525 2360 3562 cum
2401 3511 2519 3577 ipsa
2536 3508 2736 3574 glacies
2765 3525 2826 3563 ex
2851 3509 3035 3578 pluvia

674 3582 923 3633 concreta
962 3578 1084 3631 orta
1118 3577 1208 3640 sit,
1244 3593 1340 3646 per
1374 3592 1602 3642 zeugma
1635 3577 1800 3630 etiam
1837 3576 1905 3629 ad
1942 3576 2141 3629 imbres
2187 3579 2346 3631 »otest
2368 3576 2572 3630 referri.
2609 3576 2847 3638 Accedit,
2890 3576 3032 3646 quod

676 3647 874 3701 imbres
910 3644 1226 3715 plerumque
1248 3644 1578 3698 comitantur
1604 3642 1886 3712 procellae,
1926 3660 2061 3723 quae
2099 3593 2214 3712 ἰ61111
2234 3645 2487 3697 afferunt.
2519 3644 2840 3696 -imbres
2873 3645 3027 3697 atri.

676 3713 873 3783 ὄμβροι
916 3710 1239 3781 ζοφόεντες.
1303 3711 1430 3781 quia
1472 3711 1672 3765 imbres
1713 3716 1890 3765 aerem
1931 3727 2081 3765 mum
2123 3715 2248 3765 rant
2284 3715 2340 3765 et
2381 3712 2690 3764 obscurant.
2764 3711 2848 3764 Cf.
2885 3711 3026 3765 infra

676 3798 727 3835 v.
770 3784 887 3836 323.
923 3782 982 3834 et
1014 3780 1148 3833 Aen.
1183 3779 1247 3840 V,
1286 3783 1403 3833 693.
1443 3794 1565 3833 cum
1600 3778 1728 3834 Geo.
1763 3779 1838 3840 11,
1880 3782 1996 3834 308.
2034 3781 2167 3833 Aen.
2204 3778 2276 3836 11.
2315 3781 2432 3832 356.
2472 3781 2589 3832 516.
2616 3777 2680 3834 V.
2719 3781 2833 3832 512.
2871 3778 3024 3835 VIII.

675 3851 791 3904 258.
826 3847 894 3912 Χ,
931 3850 1048 3902 264.
1085 3849 1142 3901 et
1177 3846 1445 3901 similibus
1481 3846 1630 3901 locis.
1654 3878 1720 3887 -
1744 3843 1878 3907 237.
1913 3848 2213 3901 mediam.
2253 3846 2531 3900 torridam.
2568 3877 2633 3885 —
2671 3849 2854 3906 dnae,
2893 3850 3030 3900 tem-

675 3919 908 3988 peratae.
980 3913 1064 3968 Cf.
1101 3914 1270 3968 Varro
1307 3914 1461 3969 Atac.
1499 3930 1587 3984 ap.
1629 3913 1877 3967 Wernsd.
1915 3914 2066 3968 Poet.
2101 3914 2161 3968 L.
2204 3913 2329 3967 min.
2360 3914 2424 3970 V.
2472 3917 2616 3974 1403,
2656 3917 2702 3967 3.
2740 3915 2821 3967 εἰσ
2855 3922 3031 3968 terrae

672 3993 936 4039 adv-emas
966 3983 1111 4036 inter
1145 3983 1487 4052 mediamque
1521 3982 1789 4036 coluntur.
1831 4015 1896 4023 -—
1931 3982 2334 4035 mortalibus
2367 3981 2618 4050 aequ-is,
2660 3981 2868 4035 miseris
2896 3982 3030 4043 (δει-

674 4055 825 4106 λοῖσι
896 4055 1108 4120 ροιοῒσι
1150 4048 1369 4103 Homeri
1404 4049 1507 4105 Od.
1543 4048 1637 4104 XI.
1685 4054 1764 4104 19.
1806 4053 1863 4104 et
1897 4049 2077 4112 alibi›;
2117 4053 2180 4102 ut
2219 4050 2349 4103 Aen.
2387 4048 2459 4109 Π,
2499 4051 2612 4101 268.
2652 4053 2706 4102 et
2741 4049 2898 4102 Lucr.
2932 4049 3027 4111 Vl,

680 4123 723 4174 1.
762 4056 1162 4196 Eocssmpensu
1194 4117 1388 4170 miseri
1416 4117 1678 4196 mortales
1711 4117 1839 4196 Geo.
1877 4117 1977 4173 111.
2020 4120 2102 4171 66.
2142 4119 2198 4171 et
2223 4118 2351 4194 Aen.
2388 4116 2484 4173 XI.
2530 4119 2638 4169 182.
2669 4147 2732 4156 —
2762 4113 2895 4176 238.
2937 4119 3030 4169 de·-

676 4205 815 4241 vom
848 4183 1115 4241 edidlmus
1152 4200 1272 4238 cum
1311 4185 1692 4239 recentissimis
1730 4184 2043 4239 editoribus.
2114 4184 2197 4238 cf.
2235 4185 2423 4252 Magn.
2462 4183 2619 4238 Orth.
2656 4183 2816 4252 Vei-g.
2855 4201 2906 4253 p.
2931 4188 3032 4237 446

677 4271 759 4324 sq.
790 4257 847 4309 et
880 4251 1137 4307 Ribbeck.
1162 4250 1376 4320 Proleg.
1413 4270 1468 4322 p.
1505 4255 1619 4306 438.
1665 4284 1721 4292 —
1762 4261 1821 4306 et
1852 4254 1980 4308 via.
2053 4252 2371 4307 Addidimus
2416 4267 2538 4305 cum
2575 4251 2766 4320 Wagn.
2811 4268 2872 4305 ex
2914 4251 3028 4321 ple·

675 4320 1153 4445 fflcuZdCoddifit
1186 4319 1310 4374 Ald.
1347 4324 1394 4374 3.
1420 4321 1713 4442 .C.⁰P¹{l⁸¹¹¹’
1756 4336 1892 4442 qmde
1928 4318 2069 4442 ugde
2084 4319 2399 4442 tillataSsit,
2428 4335 2534 4373 non
2562 4323 2784 4441 apparet
2807 4323 3028 4441 ‹ea-cum

947 4405 996 4442 v.
1172 4405 1198 4441 s
1241 4430 1253 4442 .
1293 4405 1376 4443 res
1416 4404 1556 4442 161811
1587 4430 1599 4452 ,
1639 4405 1701 4443 86
1742 4405 1797 4442 re
1875 4406 1949 4443 esi
1991 4404 2083 4443 era
2113 4404 2193 4441 ur.
2303 4404 2462 4442 ensus
2508 4404 2668 4442 secun
2710 4404 2798 4442 um
3018 4432 3031 4443 .

678 4457 763 4512 hic
807 4460 921 4511 est:
995 4405 1425 4522 „Concegserunpt
1469 4455 1567 4511 has
1615 4405 1877 4525 singulari
1925 4457 2180 4511 beneficio
2231 4455 2553 4510 mortalibus
2598 4455 2709 4518 dei,
2782 4403 3030 4526 viamagdle

675 4543 770 4595 per
815 4525 1005 4580 ambas
1040 4527 1353 4589 secuerunt,
1404 4540 1512 4593 qua
1554 4540 1610 4579 se
1652 4527 1944 4579 verteret.‘⁴
2016 4523 2180 4578 Recte
2223 4524 2234 4535 “
2282 4525 2387 4578 'tur
2429 4524 2749 4579 recentiores
2796 4523 3030 4579 editores

677 4609 857 4647 omnes
892 4590 1156 4661 copulam
1192 4592 1521 4648 adiecerunt.
1557 4623 1623 4633 —-
1657 4591 1768 4646 via
1804 4600 2011 4652 secta,
2066 4592 2100 4645 i.
2151 4608 2198 4646 6.
2282 4592 2498 4647 ‘rimens
2545 4608 2625 4654 ea,
2701 4608 2802 4647 uae
2838 4593 3030 4647 utrim-

678 4677 781 4730 que
842 4659 1119 4721 adiacent,
1181 4676 1208 4713 e
1246 4659 1404 4715 Lucr.
1450 4659 1525 4724 V,
1586 4662 1701 4714 273.
1767 4661 1889 4720 Qua
1952 4660 2048 4714 via
2101 4667 2248 4715 secta
2304 4660 2467 4716 senwl
2513 4659 2660 4730 liqu‘
2768 4663 2906 4732 pede
2938 4662 3029 4715 de·
