3616 5026
502 166 511 174 ’
577 223 692 285 146
1287 216 1362 284 P.
1406 216 1778 286 VERe1L1
1818 217 2218 286 moins

572 385 770 448 Necte
811 381 1021 448 tribus
1064 383 1251 448 nodis
1295 397 1533 468 ternos,
1577 384 1927 486 Amarylli,
1974 386 2255 460 colores3

571 467 789 545 Necte,
832 465 1151 553 Amarylli
1214 467 1405 534 modo
1451 479 1531 550 et,
1572 468 1866 540 Veneris.
1913 469 2040 550 dic,
2083 468 2343 533 vincula
2382 475 2589 531 necto.

732 556 798 614 d.
834 549 1072 614 Ducite
1114 572 1154 614 a
1240 550 1400 617 urbe
1444 551 1719 634 domum,
1762 574 1910 617 mea
1953 554 2261 631 carmina,
2305 551 2517 614 ducite
2547 548 2899 634 Daphnim.

574 631 800 696 Limus
845 642 916 696 ut
957 631 1062 696 hic
1105 632 1387 699 durescit
1428 646 1490 699 et
1533 634 1694 701 baec
1733 647 1802 700 ut
1846 657 1997 700 cera
2039 634 2338 723 liquescit

571 712 716 780 Uno
760 714 1112 802 eodemque
1152 718 1319 803 igni,
1384 719 1476 782 sic
1527 728 1749 784 nostro
1795 718 2098 805 Daphnis
2141 739 2376 783 amore.
2832 726 2901 777 80

570 965 644 1019 sit
684 965 910 1026 Hecate,
958 963 1041 1016 cni
1097 964 1309 1034 magica
1350 981 1504 1021 sacra
1544 967 1738 1020 fiunt.“
1802 966 1874 1019 H
1973 1005 1986 1018 .
2055 965 2135 1019 De
2179 967 2430 1035 impare
2471 979 2763 1028 numero,
2812 962 2903 1042 qui

570 1049 691 1087 cum
725 1029 892 1086 dividi
928 1047 1032 1084 non
1136 1037 1263 1094 sset,
1303 1036 1521 1088 sanctus
1556 1038 1614 1089 et
1646 1034 1810 1088 immo
1925 1033 1937 1046 ⁶
2004 1032 2329 1096 habebatur,
2369 1031 2521 1085 Voss.
2560 1031 2786 1085 conferri
2821 1047 2902 1085 iu·

567 1101 660 1155 bet
694 1099 834 1154 Plin.
870 1097 969 1152 XX
1106 1139 1118 1162 ,
1157 1104 1205 1153 5.
1260 1100 1494 1156 Macrob.
1533 1101 1648 1157 Sat.
1685 1101 1757 1164 11,
1795 1105 1844 1156 2.
1882 1104 1939 1155 et
1971 1100 2151 1155 Somn.
2187 1100 2325 1169 Scip.
2361 1098 2407 1161 1,
2445 1104 2521 1162 6.,
2564 1096 2771 1163 docens,
2807 1114 2902 1168 pa-

569 1174 739 1247 stores
776 1182 836 1221 eo
869 1181 1095 1247 gregum
1141 1166 1306 1222 saluti
1344 1170 1672 1268 prospexisse
1716 1168 1901 1249 (Geop.
1941 1168 2149 1248 xm,
2187 1171 2287 1232 2.),
2336 1166 2558 1236 gallinis
2594 1180 2707 1246 ova·
2734 1166 2903 1286 impa-

565 1235 1479 1374 Etgsspgssffttiffiffflffiff..
1519 1308 1575 1359 π
1611 1240 1918 1384 ,ὴέᾱέεοέῗ
1957 1252 2049 1383 ’ἰέζ
2118 1232 2903 1382 effussfssssmqssfsspssfflssrffi

565 1375 776 1425 natoree
817 1369 1056 1434 (Censor.
1091 1370 1209 1425 XX.
1246 1371 1480 1427 Macrob.
1507 1371 1620 1427 Sat.
1645 1372 1691 1437 1,
1721 1375 1826 1430 13.)
1860 1388 2081 1442 imparis
2105 1387 2310 1425 numen
2335 1373 2598 1425 rationem
2622 1367 2901 1433 habmsse3

567 1454 664 1493 nec
695 1439 872 1493 minus
907 1453 1088 1492 omnes
1123 1438 1248 1493 deos
1286 1456 1345 1494 eo
1381 1456 1497 1495 esse
1530 1441 1741 1510 gavisos
1778 1441 1933 1496 (Aen.
1972 1438 2067 1501 IV,
2091 1443 2207 1493 510.
2241 1436 2395 1494 Ovid.
2423 1438 2553 1492 Met.
2591 1436 2714 1496 VII,
2747 1439 2898 1502 lez).

566 1506 816 1560 Ceterum
855 1504 1038 1559 eadem
1077 1506 1240 1560 verba
1270 1525 1496 1561 numero
1533 1510 1667 1562 deus
1699 1508 1914 1578 impare
1945 1508 2148 1574 gaudet
2179 1506 2435 1575 leguntur
2468 1505 2524 1558 in
2560 1503 2670 1559 ciri
2695 1507 2811 1558 373.
2836 1535 2900 1544 -

567 1573 698 1627 Post
733 1574 875 1627 hunc
916 1588 1125 1627 versum
1162 1574 1322 1642 vulgo
1369 1576 1632 1645 repetitur
1676 1591 1866 1629 versus
1911 1573 2247 1629 intercalaris
2290 1574 2492 1627 Ducite
2527 1573 2600 1626 ab
2630 1573 2765 1625 urbe
2801 1574 2903 1625 do-

565 1660 710 1695 mum
746 1645 875 1704 etc,
922 1640 1062 1710 quod
1104 1641 1373 1696 adversari
1411 1642 1713 1712 strophicae
1749 1642 2002 1697 carminis
2037 1641 2230 1696 rationi
2264 1641 2373 1695 iam
2406 1639 2560 1694 Iahn.
2606 1639 2765 1703 vidit,
2812 1640 2902 1709 qui

568 1710 839 1764 verissime
858 1707 1030 1771 docet,
1066 1712 1282 1778 poetam
1304 1710 1640 1779 singularum
1659 1710 2002 1780 stropharum
2028 1708 2284 1764 duodenis
2316 1708 2557 1762 versibus
2580 1709 2668 1761 ter
2689 1723 2900 1762 versum

565 1776 936 1832 intercalarem
960 1776 1041 1829 ita
1055 1775 1339 1840 addidisse,
1368 1781 1431 1832 ut
1447 1782 1570 1848 post
1596 1794 1810 1833 versum
1836 1777 2077 1840 tertium,
2105 1780 2358 1847 quartum
2378 1778 2435 1829 et
2457 1774 2706 1845 quintum
2732 1776 2901 1829 inter-

564 1843 794 1899 calarem
829 1841 1166 1906 admitterem
1218 1844 1272 1897 in
1308 1845 1410 1899 hac
1445 1849 1628 1901 autem
1664 1845 1912 1915 stropha,
1964 1861 2100 1916 quae
2153 1843 2396 1899 versibus
2438 1845 2656 1898 64-79,
2704 1841 2900 1897 efficia-

563 1915 678 1974 tur,
734 1926 943 1966 versum
995 1912 1366 1990 intercalarem
1421 1916 1613 1983 quater
1662 1913 1839 1983 repiti.
1911 1912 2087 1978 Quare
2131 1928 2273 1966 nunc
2314 1927 2554 1972 versum,
2604 1910 2695 1980 qui
2793 1978 2805 1989 ·
2871 1927 2901 1964 o

566 1982 651 2033 est
684 1982 766 2033 76.
814 1982 976 2047 atque
1018 1981 1179 2032 etlam
1217 1979 1492 2035 Gebauoro
1528 1980 1593 2036 de
1667 1985 1768 2035 oet.
1805 1981 1852 2035 I.
1893 1998 1943 2050 p.
1987 1984 2100 2035 124.
2138 1996 2171 2035 a
2204 1979 2441 2033 librariis
2478 1977 2720 2033 adiectus
2756 1994 2809 2032 vi
2846 1994 2901 2031 e-

565 2050 680 2111 tur,
717 2062 937 2116 prorsus
981 2044 1177 2109 delevi,
1224 2048 1363 2117 quod
1408 2049 1573 2103 etiam
1725 2048 1973 2118 ewigium
2015 2049 2180 2102 tacite
2221 2047 2411 2102 fecisse
2451 2046 2620 2101 video.
2689 2045 2777 2100 Sic
2811 2044 2901 2100 de-

564 2130 711 2169 mum
746 2112 996 2183 strophae
1032 2116 1087 2168 et
1121 2116 1490 2186 antistrophae
1534 2119 1612 2182 (et
1654 2116 1890 2186 proxime
1933 2114 2148 2185 quidem
2191 2114 2322 2169 haec
2363 2114 2532 2170 tertia
2564 2112 2902 2182 antistropha

563 2198 613 2235 v.
639 2185 854 2236 73-77.
876 2180 1126 2251 strophae
1150 2184 1345 2238 tertiae
1370 2199 1420 2238 v.
1448 2187 1689 2246 26—30.)
1713 2187 1963 2238 accurate
1984 2184 2088 2237 sibi
2113 2182 2450 2252 respondent.
2479 2181 2564 2237 cf.
2584 2182 2748 2236 etiam
2800 2197 2901 2235 uae

564 2266 727 2320 supra
761 2249 831 2304 ad
863 2265 911 2303 v.
942 2252 1024 2303 28.
1064 2253 1119 2303 et
1135 2249 1278 2305 infra
1299 2251 1369 2306 ad
1391 2267 1442 2305 v.
1471 2255 1583 2305 102.
1608 2251 2001 2306 adnotavimus.
2027 2283 2093 2292 -
2119 2249 2208 2310 76.
2248 2249 2444 2315 „Iubet
2467 2264 2630 2318 maga
2653 2264 2719 2303 an
2754 2248 2766 2261 '

563 2325 784 2371 ternos
816 2316 1078 2370 colores
1114 2319 1334 2372 tribus
1367 2321 1580 2384 nodis,
1620 2318 1673 2373 h.
1701 2336 1745 2373 e.
1781 2319 1893 2373 tria
1925 2318 2020 2372 fila
2054 2317 2251 2373 diversi
2286 2317 2496 2379 coloris,
2532 2332 2700 2371 unum
2734 2316 2900 2386 quod-

560 2399 666 2505 3¹¹⁰
698 2400 795 2439 suo
827 2384 989 2446 node,
1025 2386 1261 2450 nectere,
1298 2387 1623 2456 praefatam:
1672 2387 1746 2440 sit
1783 2385 2006 2440 Veneris
2038 2385 2138 2439 hoc
2170 2384 2469 2448 vinculum,
2512 2400 2571 2439 se
2607 2383 2762 2448 velle,
2799 2384 2899 2437 sci-

603 2455 690 2505 cet
720 2454 786 2505 ut
818 2467 883 2505 ea
918 2452 1024 2505 vim
1057 2451 1293 2507 habeant
1326 2453 1657 2508 devinciendi
1691 2453 1950 2507 amatoris
1990 2453 2245 2506 animum.
2317 2453 2399 2507 Of.
2438 2450 2656 2506 Theocr.
2690 2451 2770 2517 Π,
2820 2455 2897 2505 18.

565 2524 685 2600 ¹9·.“
724 2520 901 2600 Heyrp.
972 2520 1052 2574 De
1081 2521 1235 2575 nodis
1269 2523 1492 2655 ιιιῗοίε
1528 2521 1635 2575 vid.
1675 2523 1907 2576 Tur-neb.
1946 2520 2168 2576 Advers.
2205 2520 2351 2583 m,
2388 2523 2470 2574 22.
2515 2519 2748 2575 Delrion.
2777 2518 2899 2573 Dis·

561 2586 2329 2737 ἓὲἱωῖξῒῗᾱᾞὲἒῗ..’ᾱ..“ῗ3ξ·.ἔέἒ;.,ξ.”;.ῑξιὲῗὲ“.ξὲωῗρ
2347 2587 2899 2723 ιώῖἓξηωωῖᾗῃὲ

559 2725 731 2777 strum
755 2741 862 2776 nur
883 2739 964 2777 m:
991 2724 1178 2778 macho
1199 2728 1336 2779 nur!
1363 2728 1487 2783 etc.)
1524 2725 1596 2779 ad
1620 2725 2021 2779 festinationem
2046 2739 2106 2778 co
2145 2726 2311 2778 ortan
2341 2725 2569 2777 constat.
2607 2722 2689 2777 Of.
2717 2722 2894 2777 Hand.

558 2790 787 2845 Tursell.
808 2789 910 2844 111.
987 2834 999 2846 .
1037 2794 1238 2846 635.-
1262 2799 1334 2859 et,
1371 2793 1665 2861 Veneris,
1703 2793 1814 2846 dic
1841 2795 1944 2846 etc.
1980 2791 2062 2846 cf.
2099 2790 2319 2845 Theocr.
2356 2791 2430 2853 Π,
2466 2794 2549 2847 21.
2581 2793 2664 2844 62.
2699 2822 2766 2831 -
2806 2789 2893 2850 79.

557 2858 706 2912 Duas
721 2807 1020 2928 Daphnidis
1044 2858 1118 2912 im
1194 2859 1205 2871 '
1247 2876 1320 2922 es,
1358 2859 1586 2914 alteram
1612 2876 1641 2914 e
1665 2859 1812 2920 limo,
1852 2875 1880 2912 e
1907 2874 2028 2914 cera
2049 2858 2294 2922 alteram,
2320 2859 2435 2928 igni
2457 2857 2726 2914 admoveri
2751 2861 2896 2913 recte

556 2927 717 2995 putat
741 2925 934 2995 Heyn„
971 2925 1090 2980 coll.
1202 2942 1336 2980 eocr.
1362 2927 1434 2987 11.
1461 2929 1543 2980 28.
1590 2926 1747 2996 Apud
1768 2925 2111 2981 Theocritum
2136 2926 2352 2996 quidem
2377 2927 2463 2994 (ut
2485 2924 2628 2996 apud
2653 2928 2893 2980 nostrum

556 2995 688 3048 Aen.
706 2993 931 3056 Iv,508.
960 2995 1016 3046 et
1037 2992 1188 3048 Ovid.
1209 2993 1334 3048 Her.
1357 2993 1450 3057 VI,
1475 2997 1583 3059 91.)
1609 3010 1719 3049 una
1741 2996 1960 3048 tantum
2084 3010 2151 3048 ue
2176 3009 2330 3048 cerea
2353 2996 2797 3048 commemoratur
2819 2993 2895 3049 ef-

555 3060 735 3130 figiem
775 3060 868 3115 sed
896 3061 1057 3114 etiam
1078 3060 1303 3116 Canidia
1328 3060 1426 3116 illa
1440 3061 1652 3115 Horatii
1672 3061 1784 3116 Sat.
1808 3061 1854 3125 Ι,
1881 3065 1930 3124 8,
1958 3065 2039 3116 30.
2103 3077 2201 3115 uas
2231 3060 2361 3115 facit
2390 3060 2646 3115 amatoris
2670 3060 2892 3131 effigies,

556 3128 767 3183 laneam
802 3128 1049 3190 alteram,
1091 3129 1318 3184 alteram
1354 3145 1577 3184 ceream.
1646 3128 1824 3194 Quare
1861 3128 2008 3183 haud
2041 3128 2204 3183 dubie
2238 3130 2384 3183 errat
2406 3128 2639 3190 Servius,
2680 3144 2892 3198 magam

556 3199 728 3252 semet
764 3196 937 3266 ipsam
975 3195 1040 3250 de
1074 3196 1229 3259 limo,
1278 3196 1615 3267 Daphnidem
1651 3196 1716 3251 de
1751 3211 1874 3252 cera
1907 3197 2086 3251 facere
2120 3198 2289 3251 ratus.
2356 3195 2529 3250 Immo
2564 3195 2685 3250 vult
2717 3212 2893 3265 maga,

555 3263 1168 3386 ζωῇ-133113.
1184 3263 1364 3400 Ἢ.
1388 3262 1689 3386 ¹3erOEss
1705 3264 1788 3387 12.
1821 3348 1851 3387 .
1880 3263 2891 3402 ⁹..3¹.,¹{¹;¹2.f.2·.32.1³⁸”....0..ffi.3.2213.2

555 3398 900 3464 obdurescat,
953 3399 1036 3453 sui
1079 3415 1201 3454 vero
1245 3417 1424 3455 amore
1470 3400 1731 3454 tabescat.
1777 3428 1844 3438 -
1879 3397 2642 3468 durescit--liqucecit
2711 3398 2774 3453 In
2809 3398 2891 3452 his

554 3466 730 3521 verbis
764 3465 1036 3537 popularis
1065 3467 1243 3587 poesis
1282 3467 1511 3538 vestigia
1546 3465 1889 3546 deprehendi,
1929 3469 2076 3522 recte
2109 3467 2360 3521 observat
2389 3465 2637 3521 Gebauer
2661 3465 2726 3521 de
2750 3469 2890 3536 poet.

554 3537 656 3589 etc.
712 3533 756 3589 I.
799 3552 853 3604 p.
912 3538 990 3589 13.
1036 3551 1063 3588 e
1135 3539 1242 3602 69„
1300 3535 1389 3604 qui
1460 3534 1686 3588 conferri
1738 3535 1892 3588 iubet
1933 3533 2335 3603 Wackernagel.
2406 3534 2532 3587 Zur
2584 3531 2777 3589 Goech.
2833 3536 2890 3588 d.

551 3601 788 3656 dotet-ech.
823 3601 1057 3656 Hexam.
1101 3606 1202 3656 etc.
1238 3601 1416 3657 Praef.
1471 3619 1523 3673 p.
1558 3601 1752 3656 XXVI.
1800 3605 1934 3656 nota
1969 3606 2019 3656 9.
2089 3601 2396 3670 Moryenbl.
2439 3617 2488 3655 a.
2533 3603 2677 3656 1851.
2715 3618 2768 3656 n.
2811 3605 2890 3656 19.

553 3685 606 3738 p.
640 3672 741 3724 439
775 3685 882 3738 sq..
920 3669 1013 3722 ubi
1046 3669 1133 3724 hic
1165 3669 1421 3724 laudetur
1455 3685 1642 3724 venus
1674 3669 1920 3723 Marcelli
1953 3669 2204 3739 Empirici
2240 3669 2358 3723 Nec
2392 3669 2523 3722 huic
2562 3670 2751 3723 morbo
2798 3687 2889 3723 ca-

544 3743 652 3806 put
689 3745 919 3804 crescat,
956 3737 1094 3799 Aut,
1142 3738 1195 3792 ei
1230 3738 1484 3804 creverit,
1532 3739 1787 3804 tabescat,
1828 3739 1885 3791 et
1918 3736 2144 3791 Grimm.
2180 3737 2304 3789 Zur
2337 3734 2531 3790 Geneh.
2573 3738 2671 3790 dee
2704 3735 2892 3790 Raima

552 3803 2040 3927 &uim2...iflffifflnfflsffssss3Pfflssss.3.¹33.2‘3.²⁰
2058 3805 2180 3926 <3515
2216 3801 2661 3926 {iffiffiiniissdm
2695 3804 2888 3925 ⁶⁹33

551 3939 1143 3999 res--amaroe.VII.
1183 3945 1232 3992 5.
1260 3958 1520 4010 paras--
1726 3940 1750 3993 ”.
1786 3938 1915 3993 Geo.
1958 3914 2160 4003 1‚'157'.
2196 3888 2648 3999 umbratim-qq
2690 3913 2885 4006 'em.I,

551 4010 667 4061 479.
686 4007 895 4086 ,siem
918 4035 990 4087 -ς
1013 4007 1309 4061 ὠὴιὲςσιιηι.
1346 4009 1478 4063 Aen.
1547 4047 1560 4071 ,
1597 4011 1714 4062 399.
1742 4024 2064 4130 puppeaef
2136 4009 2382 4128 abasgiae.
2403 4007 2469 4067 X.
2510 4010 2625 4061 735.
2642 4008 2884 4127 ¹furto--

540 4075 795 4143 sumbus
826 4091 1013 4128 mnus.
1053 4074 1227 4132 CataL
1261 4075 1392 4140 VII,
1439 4080 1487 4130 9.
1534 4077 1700 4129 docta
1744 4077 1900 4129 decta
2038 4093 2210 4129 roms.
2315 4090 2358 4128 c.
2444 4090 2499 4128 ro
2539 4075 2643 4128 Coe
2670 4116 2681 4128 .
2721 4090 2766 4128 c.
2803 4077 2885 4129 32.

550 4141 687 4194 civis
726 4143 992 4195 bonav-um
1024 4143 1244 4203 artium,
1275 4146 1541 4197 honarum
1720 4143 1818 4195 'mn
1862 4146 1966 4197 etc.
2005 4142 2088 4197 Cf.
2125 4142 2227 4196 Wa
2305 4182 2318 4195 .
2351 4092 2439 4196 ad)
2455 4141 2568 4196 Ecl.
2603 4141 2710 4202 111,
2769 4145 2882 4197 109.

552 4212 609 4262 et
641 4208 769 4265 Geo.
805 4208 856 4271 I,
920 4213 1030 4264 157.
1071 4209 1225 4264 Iahn.
1262 4211 1332 4264 ad
1367 4213 1498 4266 Aen.
1615 4251 1626 4273 ‚
1680 4213 1793 4264 310.
1831 4210 2190 4265 Cadenbachii
2276 4210 2368 4265 iss.
2406 4208 2474 4264 de
2510 4207 2884 4264 alliterationis

551 4275 694 4346 apud
728 4276 1008 4331 Horatium
1041 4293 1165 4357 usu.
1199 4277 1613 4358 Esseni-1838.
1647 4276 1781 4331 Vide
1822 4280 1988 4334 etiam
2021 4295 2157 4365 quae
2194 4277 2261 4332 de
2296 4276 2413 4332 soni
2447 4277 2796 4356 congruentia
2826 4277 2880 4331 in

552 4358 922 4467 {tami
945 4345 1941 4493 “tilffgnssffirffistssdhtffla
1963 4343 2882 4484 qti‘zsstssfflssfflzssfsffl

551 4475 649 4530 hoc
704 4479 774 4534 ad
828 4479 1264 4536 consuetudinem
1319 4497 1374 4535 m
1433 4484 1551 4537 arte
1608 4495 1819 4548 mag-lca
1873 4482 2229 4537 observatam.
2302 4481 2555 4535 Ceterum
2612 4479 2776 4534 verba
2831 4486 2880 4533 et

551 4544 682 4597 haec
720 4554 777 4598 ut
824 4565 952 4600 cera
1006 4547 1054 4599 l·
1181 4551 1255 4602 eit
1297 4548 1565 4604 iterantur
1604 4548 1660 4601 in
1696 4548 1860 4618 epigr.
1903 4549 2068 4604 Anth.
2107 4548 2230 4603 Lat.
2271 4548 2454 4603 Burm.
2491 4546 2543 4605 1.
2587 4551 2704 4609 170,
2766 4549 2877 4602 132.

551 4641 616 4651 -
649 4610 739 4669 80.
796 4617 1018 4667 eodem
1094 4616 1265 4669 uabus
1307 4615 1529 4685 syllabis
1570 4617 2053 4684 pronuntiandum,
2113 4620 2176 4670 ut
2214 4617 2344 4671 Aen.
2389 4616 2464 4675 X,
2509 4619 2625 4669 487.
2677 4617 2877 4670 eadem.
