3616 5026
557 238 677 301 412
1259 231 1334 297 Ρ.
1379 228 1750 296 VERGILI
1789 230 2189 300 MARONIS

554 399 714 464 Post
753 399 867 465 ubi
910 397 1250 465 collectum
1294 396 1496 463 robur
1534 398 1839 487 viresque
1880 399 2178 482 refectae,
2781 415 2882 468 235

558 481 762 570 Signa
800 493 1020 549 movet
1059 502 1502 570 praecepsque
1544 479 1817 547 oblitum
1858 482 2065 548 fertur
2105 484 2174 549 in
2216 483 2495 551 hostem:

554 565 822 631 Fluctus
865 568 962 631 uti
1004 563 1217 631 medio
1260 566 1476 652 coepit
1518 587 1664 629 cum
1707 565 2042 632 albescere
2083 578 2302 654 ponte,

552 648 846 735 Longius
890 671 974 715 ex
1017 647 1275 736 altoque
1316 650 1528 714 sinum
1571 647 1787 731 trahit,
1831 658 2030 737 utque
2071 649 2330 716 volutus

554 731 661 797 Ad
699 746 906 797 terras
950 733 1210 798 inmane
1250 745 1439 797 sonat
1478 753 1598 819 per
1643 754 1810 798 saxa
1850 753 2059 819 neque
2097 736 2240 822 ipso

554 815 775 882 Monte
815 816 1029 881 minor
1071 813 1456 905 procumbit,
1503 824 1573 880 at
1611 816 1747 881 ima
1789 826 2129 883 exaestuat
2166 816 2342 884 unda
2785 833 2884 885 240

554 1098 681 1138 sane
722 1082 997 1137 Maronem
1042 1082 1289 1137 imitatus
1333 1081 1565 1137 videtur.
1632 1080 1738 1136 Sed
1785 1083 1974 1138 contra
2013 1082 2248 1138 omnium
2294 1082 2462 1139 Codd.
2510 1086 2885 1142 auctoritatem

553 1150 690 1207 nihil
721 1150 809 1205 hic
842 1150 1182 1206 mutandum.
1209 1179 1276 1189 —
1304 1168 1549 1221 sparsa
1581 1150 1846 1205 harena.
1894 1150 1979 1207 cf.
2020 1151 2136 1207 Ecl.
2172 1151 2271 1216 m,
2309 1155 2392 1207 87.
2426 1152 2552 1207 Imm
2587 1170 2761 1208 cornu
2786 1172 2883 1226 pe-

552 1227 634 1273 tat
666 1219 979 1301 etpedibus
1011 1219 1114 1290 qui
1141 1226 1374 1290 spargat
1405 1220 1692 1285 han-mam,
1727 1234 1761 1273 a
1826 1235 1892 1273 ue
1935 1219 2100 1274 etiam
2136 1220 2300 1275 Silius
2332 1220 2397 1285 V,
2438 1224 2655 1302 3¹5·.⁶‘
2685 1240 2887 1303 sparsa

546 1289 1167 1436 ἴὶἑῆᾞρῗὲῗίῗῖ,
1196 1294 1660 1410 ssffim.
1682 1319 1834 1435 ἶφι.
1878 1286 2040 1435 ...εἴ
2047 1296 2194 1409 ⁰1³5..
2220 1287 2589 1436 Ῑξὲἐῖείθῗ
2655 1306 2884 1413 ,Ἲῗῑξέ

552 1423 618 1475 W
675 1487 678 1488 ⁷
730 1464 743 1476 .
779 1439 834 1476 m
874 1422 1071 1478 Phnol.
1111 1421 1295 1493 Suppl.
1333 1422 1379 1477 1.
1413 1440 1467 1493 p.
1507 1425 1643 1486 373.,
1683 1439 1774 1492 qm
1810 1422 1991 1477 addit:
2031 1422 2267 1490 „Quodsi
2525 1424 2795 1493 legeretur
2828 1426 2883 1479 in

552 1439 723 1551 Mais?
746 1489 803 1545 id
837 1490 1034 1552 ferrem
1078 1491 1576 1561 reponeremque.“)
1612 1521 1677 1531 -
1710 1491 1930 1544 robur.
1987 1490 2260 1555 Ribbeck„
2296 1490 2404 1545 Lac
2568 1509 2635 1546 no
2670 1509 2884 1548 suasore

556 1557 624 1612 ad
658 1558 812 1614 Lucr.
851 1559 917 1624 11,
959 1562 1105 1614 1131.
1141 1576 1206 1680 qi
1235 1562 1369 1621 140„
1409 1575 1471 1613 ex
1507 1557 1659 1612 Rom.
1704 1560 1760 1613 et
1794 1556 1935 1612 Gud.
1973 1574 2007 1612 a
2041 1575 2114 1612 m.
2149 1577 2227 1629 pr.
2269 1558 2438 1613 edidit
2468 1563 2653 1615 robor.
2692 1592 2755 1602 -—
2789 1562 2885 1614 vi·

551 1643 786 1697 resque
818 1631 1122 1697 refectae
1207 1627 1338 1681 eins.
1384 1625 1626 1680 restituit
1661 1642 1690 1680 e
1725 1625 1918 1679 Medic.
1956 1625 2183 1696 aliisque
2216 1626 2449 1706 melioris
2484 1631 2647 1683 notae
2684 1629 2880 1690 Codd.;

551 1765 609 1816 et
678 1712 781 1817 2.ss
901 1702 996 1818 {35³
1006 1694 1330 1826 ’n‘iu‘i‘iaffffl
1371 1711 1454 1816 ..¹1⁰
1483 1692 2607 1842 fflempnmhspffiffiffissffi.
2626 1696 2726 1818 ἐξ]
2749 1700 2883 1819 ἓὲἓῐ

549 1830 643 1890 XI,
691 1834 807 1884 731.
848 1834 905 1885 et
937 1830 1062 1894 XII,
1092 1834 1208 1884 788.
1244 1862 1311 1871 -
1343 1826 1473 1891 236.
1516 1828 1783 1892 „Pulchre
1820 1845 1881 1883 ex
1917 1846 1975 1885 re
2009 1830 2248 1895 militari,
2285 1847 2406 1885 cum
2439 1830 2611 1900 signa,
2650 1832 2882 1902 aquilae.

551 1899 879 1962 inferuntur3
913 1903 980 1953 ut
1013 1898 1138 1953 Geo.
1179 1898 1274 1960 IV.
1302 1902 1415 1953 108.
1460 1897 1525 1951 de
1550 1897 1760 1966 apibus.
1786 1927 1854 1936 —
1883 1895 2172 1965 oblitum,
2251 1898 2307 1952 ui
2332 1914 2541 1954 omnem
2566 1900 2672 1954 iam
2698 1899 2886 1954 adver-

551 1964 677 2020 sarii
702 1966 786 2021 sui
819 1966 1132 2021 memoriam
1167 1966 1346 2020 animo
1384 1965 1680 2026 dimiserat,
1720 1965 1829 2019 iam
1864 1971 2168 2020 securum.“
2268 1983 2384 2036 eyn.
2412 1998 2478 2007 --
2508 1964 2639 2028 236.
2681 1966 2887 2036 Siqua

550 2042 781 2100 movet,
833 2036 900 2088 ut
947 2033 1207 2088 exercitus
1256 2033 1312 2087 in
1356 2032 1619 2103 proelium
1667 2032 1962 2087 discedens.
2032 2032 2222 2102 Wagn.
2268 2035 2323 2087 in
2367 2033 2499 2088 edit.
2541 2035 2671 2089 min.
2711 2034 2883 2096 docet,

549 2101 846 2170 Vergilium
892 2101 1070 2156 multa
1114 2118 1142 2155 e
1186 2102 1300 2156 vita
1343 2100 1582 2156 humana
1613 2098 1682 2154 ad
1720 2100 1887 2155 vitam
1936 2100 2032 2155 reli
2071 2117 2261 2155 uorum
2299 2102 2614 2157 animalium
2647 2107 2887 2158 transtu·

550 2168 696 2233 lisse,
736 2168 862 2224 coll.
895 2168 1025 2225 Geo.
1062 2169 1158 2230 IV,
1201 2173 1313 2224 108.
1355 2171 1413 2223 et
1445 2169 1577 2222 Aen.
1613 2167 1739 2229 XII,
1780 2171 1828 2223 6.
1866 2200 1931 2208 -
1964 2165 2044 2230 23
2081 2200 2125 2209 -
2147 2165 2272 2228 241.
2315 2169 2600 2232 „Laudata
2632 2186 2666 2225 a
2698 2171 2886 2225 multis

552 2236 902 2307 comparatio,
944 2254 1004 2291 ex
1038 2237 1200 2291 Hom.
1235 2237 1301 2290 Π.
1339 2236 1442 2298 IV,
1483 2238 1769 2291 422-426.
1821 2253 1851 2291 e
1921 2252 2093 2298 ressa,
2143 2239 2363 2292 notante
2406 2239 2513 2292 iam
2547 2238 2781 2293 Macrob.
2819 2239 2884 2300 V,

557 2308 653 2364 13..
693 2305 925 2375 repetita
961 2305 1148 2359 eadem
1184 2307 1315 2360 Aen.
1351 2304 1473 2367 VII,
1512 2307 1835 2359 528-530.“
1944 2323 2059 2374 eyn.
2099 2337 2163 2345 —-
2199 2305 2481 2359 Fluctus
2524 2307 2628 2359 uti
2669 2308 2885 2361 medio

552 2405 570 2414 -
599 2400 618 2412 ·
642 2402 665 2414 -
741 2380 911 2427 outo.
950 2372 1143 2428 Medic.
1184 2376 1241 2427 et
1273 2373 1365 2427 alii
1402 2371 1619 2452 quidam
1638 2371 1806 2426 Codd.
1850 2372 2082 2427 Fluctus
2112 2379 2172 2426 ut
2204 2374 2478 2439 inmedim
2550 2373 2657 2428 uod
2676 2374 2884 2429 Peerlk.

590 2479 602 2492 .
642 2442 672 2493 2
710 2445 759 2495 9.
799 2440 1053 2510 praefert.
1121 2440 1313 2508 Wagn.
1352 2440 1569 2509 quidem
1604 2439 1702 2505 Qu.
1738 2439 1889 2510 Virg.
1926 2440 2042 2495 XV.
2079 2456 2133 2508 p.
2169 2444 2267 2495 435
2302 2457 2380 2510 sq.
2426 2443 2481 2494 et
2633 2457 2724 2496 ew.
2762 2458 2886 2496 con-

549 2457 797 2571 tondunt,
835 2507 1138 2578 Vergilium
1176 2509 1371 2578 ubique
1399 2507 1859 2578 Praepositionem
1895 2508 2159 2571 omittere,
2194 2507 2288 2563 ubi
2319 2508 2534 2563 medita
2568 2526 2673 2565 non
2710 2509 2885 2565 locum

549 2576 774 2642 indicet,
832 2577 926 2647 qui
973 2577 1116 2632 inter
1162 2583 1365 2631 ceteros
1412 2593 1535 2631 vere
1578 2575 1788 2630 medius
1822 2576 1922 2639 sit,
1973 2576 2068 2631 sed
2104 2576 2387 2646 improprie
2420 2582 2743 2647 usurpatum
2777 2580 2887 2633 fere

548 2644 1011 2715 Praepositionum
1046 2645 1132 2712 iu,
1210 2662 1285 2712 er,
1322 2645 1465 2698 inter
1510 2644 1618 2697 vim
1661 2644 1954 2706 sustineat,
2001 2645 2183 2699 mitten
2219 2644 2279 2698 in
2330 2646 2416 2706 (ut
2448 2643 2577 2700 Geo.
2616 2645 2726 2707 ΠΙ,
2766 2649 2885 2700 466.

550 2713 683 2766 Aen.
719 2712 764 2776 Ι,
805 2715 924 2767 314.
961 2718 1078 2767 505.
1113 2715 1145 2766 6
1182 2716 1230 2768 8.
1287 2712 1395 2776 ΠΙ,
1436 2714 1514 2766 73.
1557 2715 1669 2766 104.
1704 2714 1822 2767 270.
1878 2711 1972 2775 IV,
2010 2715 2125 2767 382.
2164 2715 2280 2766 620.
2335 2713 2400 2775 V,
2444 2715 2556 2767 188.
2609 2713 2729 2776 VII,
2770 2717 2885 2768 563.

549 2779 697 2844 Vm,
732 2783 850 2835 467.
885 2780 951 2843 X,
980 2783 1098 2836 665.
1136 2782 1281 2841 etc),
1318 2782 1506 2834 contra
1541 2780 1601 2832 in
1631 2781 1815 2834 medio
1849 2795 2060 2849 semper
2091 2779 2302 2850 proprie
2335 2779 2441 2834 dici
2476 2781 2558 2845 (in
2579 2782 2678 2835 der
2701 2781 2891 2835 Mitte.-

549 2850 614 2902 ut
648 2847 760 2902 Ecl.
793 2847 894 2911 ΠΙ,
932 2852 1013 2904 40.
1073 2849 1202 2903 Aen.
1240 2848 1321 2912 Π,
1363 2849 1478 2902 328.
1516 2850 1635 2901 512.
1690 2846 1801 2911 ΠΙ,
1841 2850 1959 2901 624.
2014 2847 2080 2909 V,
2121 2850 2232 2902 110.
2272 2850 2385 2901 160.
2425 2849 2543 2902 288.
2600 2848 2728 2911 VII,
2766 2851 2882 2903 227.

547 2915 614 2977 Χ,
654 2918 820 2980 219.);
874 2916 1016 2986 quod
1060 2918 1242 2971 tamen
1287 2932 1393 2969 non
1429 2930 1652 2985 prorsus
1693 2931 1879 2969 verum
1926 2930 2043 2970 esse
2084 2914 2277 2970 docent
2313 2914 2415 2968 loci
2451 2914 2583 2971 Geo.
2620 2915 2729 2979 111,
2766 2919 2883 2971 519.

550 2983 679 3039 Aen.
717 2983 789 3047 H,
830 2987 912 3038 67.
957 2983 1061 3047 ΠΙ,
1101 2986 1218 3039 202.
1273 2983 1365 3046 IV,
1405 2984 1486 3036 76.
1532 2981 1657 3044 VII,
1694 2986 1812 3037 577.
1864 2982 1959 3047 xl,
1996 2986 2114 3037 225.
2154 2985 2267 3037 838.
2305 2981 2427 3046 XII,
2464 2986 2584 3038 213.
2619 2986 2735 3038 732.
2772 2984 2883 3040 alii.

549 3082 614 3092 -
648 3049 998 3119 albescere,
1037 3052 1179 3121 quod
1215 3052 1281 3106 de
1320 3050 1700 3121 spumantibus
1736 3051 1902 3105 maris
1937 3051 2189 3106 fluctibus
2227 3049 2449 3111 dictum,
2489 3051 2760 3120 praeclare
2790 3069 2886 3123 pro

549 3117 790 3181 existere,
834 3136 1070 3189 surgere.
1126 3120 1210 3175 cf.
1246 3120 1380 3173 Aen.
1421 3118 1553 3181 vn,
1591 3121 1706 3173 528.
1741 3150 1808 3159 -
1861 3115 1996 3178 238.
2045 3119 2130 3173 Cf.
2167 3119 2300 3172 Aen.
2337 3116 2382 3177 1,
2425 3121 2535 3173 160.
2594 3118 2781 3173 Onu-tie
2816 3121 2888 3175 ab

547 3185 664 3241 alto
697 3185 1006 3255 Frangitur
1040 3188 1206 3257 inque
1238 3187 1390 3241 sinus
1420 3186 1627 3241 scindit
1661 3202 1776 3240 sese
1799 3188 2243 3241 undar-eduam.
2268 3217 2335 3226 —
2355 3187 2619 3253 „trahit
2650 3187 2885 3254 sinum,

547 3254 705 3315 facit,
746 3255 1020 3317 sinuatur,
1073 3255 1161 3309 lon
1204 3272 1232 3310 e
1271 3257 1328 3309 et
1365 3271 1426 3310 ex
1460 3253 1575 3308 alto
1611 3270 1796 3309 versus
1832 3254 1992 3316 litus3
2044 3270 2170 3309 nam
2209 3254 2263 3308 in
2305 3253 2405 3308 hoc
2446 3258 2695 3309 versatur
2740 3256 2886 3309 notio

548 3322 819 3392 princeps,
870 3339 931 3377 ex
978 3321 1091 3377 alto
1260 3322 1393 3377 litus
1443 3321 1586 3375 volvi
1635 3322 1852 3377 fluctus.
1919 3321 2158 3391 Martyn.
2212 3322 2550 3390 interpunxit
2597 3339 2718 3377 cum
2766 3322 2888 3378 aliis

548 3390 730 3461 coepit
752 3407 874 3444 cum
897 3388 1171 3445 albescere
1235 3398 1362 3444 outo
1386 3390 1623 3458 lomim,
1659 3407 1726 3443 ex
1748 3389 1972 3458 altoque
1992 3390 2172 3444 sinum
2203 3389 2431 3444 trahit.“
2465 3389 2647 3459 Heyn.
2693 3391 2886 3458 Wagn.

550 3460 828 3528 comparat
849 3458 1011 3512 Hom.
1049 3458 1115 3512 11.
1232 3499 1245 3521 ,
1265 3460 1385 3512 426.
1420 3458 1632 3528 κυρτὸν
1654 3458 1749 3512 ἐὸν
1772 3461 2134 3528 κορυφοῦται.
2196 3458 2280 3511 Cf.
2310 3457 2472 3512 etiam
2493 3456 2623 3512 Geo.
2650 3457 2745 3519 IV,
2769 3461 2888 3513 420.

549 3528 605 3579 et
643 3525 769 3581 Aen.
804 3526 857 3588 Ι,
899 3529 1012 3580 161.
1066 3526 1247 3606 ibique
1280 3524 1491 3579 adnott.
1552 3524 1791 3579 Huschk.
1833 3523 1903 3578 ad
1936 3524 2137 3580 Tibull.
2172 3525 2226 3588 I,
2272 3529 2357 3581 10.
2394 3527 2476 3579 51.
2529 3525 2674 3581 hunc
2710 3525 2886 3580 locum

550 3593 715 3649 refert
747 3593 890 3647 inter
929 3610 1018 3648 eos
1034 3633 1047 3655 ,
1098 3594 1190 3647 ubl
1228 3592 1433 3662 Copula
1463 3609 1567 3662 que
1614 3593 1777 3646 tertio
1820 3591 2062 3656 demum,
2113 3596 2175 3647 ut
2229 3592 2358 3647 alibi
2439 3595 2599 3647 uarto
2652 3592 2720 3648 sd
2820 3610 2887 3648 ue

587 3661 735 3715 uinto
781 3661 1168 3716 enuntiationis
1212 3659 1472 3716 vocabulo
1521 3658 1805 3715 adiiciatur
1849 3669 1980 3730 (qua
2016 3661 2082 3715 de
2116 3677 2174 3714 re
2208 3659 2314 3714 vid.
2351 3660 2369 3713 i
2525 3659 2594 3715 ad
2629 3661 2754 3717 Geo.
2872 3702 2886 3723 ,

549 3678 634 3783 32.
672 3728 931 3793 adnott.);
973 3729 1299 3798 eandemque
1333 3728 1635 3798 opinionem
1671 3727 1899 3798 protulit
1936 3727 2151 3782 Bossler
2182 3728 2236 3781 in
2271 3727 2469 3782 Philol.
2508 3727 2656 3784 XXI.
2690 3745 2743 3798 p.
2782 3734 2879 3783 159

550 3814 612 3867 sq
650 3838 667 3875 .·
703 3796 792 3863 (cf.
827 3796 1041 3851 Ladew.
1075 3796 1317 3867 Append.
1355 3814 1409 3866 p.
1450 3799 1606 3857 196),
1644 3796 1735 3864 qui
1807 3798 1938 3849 utat
1974 3796 2190 3864 lonyius
2224 3811 2289 3850 a
2325 3797 2442 3851 alto
2478 3812 2642 3877 unam
2677 3796 2887 3852 efficere

549 3880 818 3985 2203ss}ss
851 3864 1138 4012 gab&
1155 3863 1722 4000 mmm?
1735 3862 2890 4012 ...gfflfflgssfflaefflffitfflss

552 4016 674 4054 cum
722 3997 908 4054 eadem
956 4004 1162 4055 ratione
1211 4016 1239 4054 e
1307 3999 1547 4065 licuerm,
1602 4015 1710 4069 qua
1754 3998 1882 4055 Geo.
1926 3998 2008 4063 11,
2045 4002 2162 4055 290.
2213 4000 2404 4054 Altwr
2438 4018 2509 4055 ac
2535 4008 2778 4071 penum-³,
2823 4003 2889 4054 ut

551 4068 765 4135 lvnyius
803 4069 859 4121 et
895 4085 960 4122 ez
991 4070 1107 4123 alto
1140 4018 1528 4148 per-xgopulam
1565 4067 1961 4132 coniungantur
1995 4066 2333 4138 alterumque
2365 4067 2538 4123 altero
2574 4067 2883 4138 explicetur,

551 4134 616 4190 de
653 4151 755 4205 quo
791 4135 1028 4205 Copulse
1061 4151 1164 4190 usu
1201 4134 1429 4189 dmmus
1464 4135 1534 4190 ad
1570 4135 1684 4190 Ecl.
1721 4134 1823 4197 III,
1861 4137 1944 4191 34.
1979 4137 2037 4189 et
2073 4135 2221 4193 vm,
2253 4139 2363 4191 101.
2432 4135 2585 4202 Quod
2616 4136 2887 4206 perspexit

550 4204 712 4257 etiam
747 4201 955 4258 Wakei.
992 4202 1062 4257 ad
1095 4203 1253 4259 Lucr.
1288 4201 1393 4267 IV,
1431 4206 1576 4269 200„
1628 4202 1730 4257 hoc
1776 4201 1997 4272 longius
2036 4219 2101 4257 ex
2136 4206 2355 4274 altoque
2404 4219 2716 4273 comparans
2763 4220 2885 4259 cum

549 4270 872 4326 Lucretiano
907 4272 1126 4342 penitae
1162 4289 1226 4326 ex
1487 4311 1500 4324 .
1570 4270 1725 4326 Unde
1761 4271 1928 4326 etiam
1950 4273 2120 4341 patet,
2157 4288 2333 4327 errare
2357 4272 2606 4326 Vossium
2629 4271 2701 4327 ali
2798 4289 2882 4334 ue,

553 4340 642 4409 qui
676 4356 740 4392 ez
772 4340 887 4394 alto
926 4356 1046 4409 per:
1102 4357 1162 4395 ex
1233 4337 1392 4394 rofun
1431 4355 1462 4392 o
1597 4339 1778 4402 licent,
1816 4338 1957 4408 quod
1994 4339 2137 4394 infra
2173 4339 2384 4396 demum
2419 4340 2662 4409 sequitur
2698 4356 2748 4395 v.
2819 4343 2887 4394 40

551 4425 630 4476 sq.
687 4405 771 4461 Cf.
807 4408 988 4477 potius
1025 4408 1155 4462 Aen.
1193 4356 1341 4487 limus
1376 4355 1719 4486 puprzxqaud.
1754 4437 1822 4447 ——
1857 4407 2123 4462 volutus
2170 4411 2259 4463 ad
2308 4415 2539 4487 terp-as.
2601 4408 2682 4463 Cf.
2717 4407 2884 4462 Anth.

552 4474 671 4529 Lat.
708 4474 891 4528 Burm.
928 4474 973 4533 1.
995 4480 1078 4539 45,
1106 4479 1180 4529 15.
1216 4482 1331 4527 ruet
1363 4474 1462 4529 ulle
1493 4474 1711 4530 volum
1741 4474 1841 4528 Aa
1872 4483 2091 4529 uun-mn.
2126 4508 2193 4517 —
2225 4473 2354 4537 239.
2389 4491 2646 4530 tamone
2676 4482 2881 4530 sonat.

551 4540 671 4593 Vid.
713 4556 878 4608 supra
912 4540 981 4595 ad
1018 4559 1067 4595 v.
1100 4546 1208 4596 149.
1245 4572 1310 4582 --
1347 4559 1551 4621 neque
1587 4542 1812 4597 Monte
1845 4542 2076 4597 minor.
2121 4544 2203 4598 cf.
2240 4543 2367 4599 Geo.
2394 4543 2488 4607 IV,
2512 4547 2626 4599 361.
2662 4546 2718 4598 et
2748 4543 2882 4598 Aen.

552 4605 597 4669 1,
642 4610 751 4660 105.
787 4637 855 4647 -
891 4608 1041 4677 ipso
1083 4614 1319 4673 monte,
1359 4623 1511 4664 curus
1545 4626 1673 4679 pars
1707 4612 1838 4664 suut
1868 4627 2010 4665 saxa
2049 4616 2115 4677 (s.
2150 4611 2374 4679 scopuli)
2406 4613 2533 4668 ante
2564 4627 2881 4668 commemo·
