3616 5026
1399 240 1879 311 BUCOLICA.
1952 240 2146 309 ECL.
2191 240 2315 307 IX.
2919 244 3036 307 155

683 408 877 490 Quod
931 410 1056 475 nisi
1104 432 1208 475 me
1263 431 1667 498 quacumque
1723 432 1931 476 novas
1974 407 2262 474 incidere
2307 407 2456 474 lites

682 492 855 557 Ante
910 494 1176 559 sinistra
1230 515 1398 559 cava
1457 494 1813 560 monuisset
1856 493 1939 559 ab
1983 492 2131 559 ilice
2177 494 2424 574 cornix,
2979 501 3040 551 15

682 575 822 641 Nec
871 587 1023 642 tuus
1066 576 1172 641 hic
1211 577 1457 643 Moeris
1497 599 1618 643 nec
1670 578 1926 641 viveret
1979 578 2123 660 ipse
2177 574 2534 641 Menalcas.

1655 712 1698 759 L
1715 713 1760 758 Y
1776 710 1817 759 c
1834 710 1919 758 ID
1936 710 1981 757 A
2000 710 2033 758 s
2050 741 2066 756 .

684 810 867 890 Heu,
915 807 1093 875 cadit
1133 810 1202 874 in
1245 832 1631 897 quemquam
1676 819 1926 875 tantum
1987 808 2248 876 scelus?
2290 808 2446 893 heu,
2488 818 2603 874 tua
2645 806 2835 873 nobis

686 893 902 958 Paene
957 893 1149 958 simul
1191 905 1407 959 tecum
1469 894 1705 960 solatia
1769 918 1847 959 ra
1897 905 1983 974 ta,
2024 892 2370 959 Menalca?

690 975 854 1056 Quis
906 987 1168 1042 caneret
1209 977 1606 1065 Nymphas?
1661 979 1806 1066 quis
1888 1001 2107 1043 umum
2150 977 2531 1043 florentibus
2572 973 2793 1041 herbis

684 1210 1060 1278 „Chaoniae
1096 1213 1434 1266 columbae
1481 1211 1729 1267 sollemni
1775 1230 1803 1268 e
1842 1212 2015 1266 itheto
2054 1229 2088 1267 a
2125 1212 2413 1266 Dodonaeo
2450 1212 2571 1265 luco
2607 1212 2664 1265 et
2697 1210 2911 1265 oraculo
2946 1226 3042 1279 per

683 1279 957 1334 columbas
1009 1298 1054 1333 s.
1103 1280 1383 1350 palumbes
1432 1279 1594 1334 edito.
1634 1281 1736 1350 [cf.
1774 1298 1806 1334 a
1846 1283 1985 1333 nott.
2043 1280 2111 1334 ad
2148 1282 2279 1335 Aen.
2318 1280 2433 1341 111,
2481 1279 2622 1346 466.]
2689 1279 2823 1332 Erat
2859 1281 3038 1332 autem

685 1347 906 1402 Dodona
951 1349 1084 1402 urbs
1127 1348 1274 1417 Epiri
1322 1349 1712 1402 vetustissimis
1764 1348 2099 1417 temporibus
2148 1365 2181 1401 a
2227 1347 2535 1403 Chaonibus
2583 1346 2875 1400 habitatae.
2955 1345 3038 1399 Cf.

684 1414 864 1470 Strab.
904 1414 1025 1469 VII.
1062 1432 1115 1485 p.
1153 1418 1268 1470 498.
1309 1416 1409 1469 C.“
1459 1415 1637 1485 Heyn.
1688 1416 1865 1470 Lucus
1909 1418 2091 1469 autem
2133 1419 2251 1470 erat
2332 1431 2615 1475 neronum,
2671 1429 2836 1483 quare
2882 1429 3041 1483 saepe

685 1481 752 1537 de
789 1482 1041 1536 Chaoniis
1150 1483 1379 1538 ercubus
1416 1500 1589 1537 sermo
1627 1486 1728 1538 est.
1801 1484 1884 1537 Cf.
1924 1481 2142 1544 Ge0.1‚
2193 1485 2242 1537 8.
2359 1526 2370 1546 ‚
2419 1487 2502 1537 67.
2554 1483 2704 1544 (Aen.
2762 1480 2870 1547 III,
2921 1484 3039 1536 293.

684 1554 827 1612 335.)
862 1549 1026 1604 Anth.
1145 1555 1188 1605 t.
1226 1550 1414 1606 Burm.
1452 1551 1522 1612 Π,
1562 1554 1685 1614 260,
1740 1555 1782 1604 1.
1836 1550 2142 1604 Chaoniam
2185 1550 2368 1619 leqt’tis
2412 1559 2602 1604 natam
2649 1549 2803 1602 Iovis
2841 1548 3041 1601 arbore.

682 1619 956 1688 glandem.
993 1617 1184 1673 Claud.
1222 1619 1288 1673 de
1322 1621 1463 1689 rapt.
1504 1618 1656 1673 Pros.
1696 1618 1797 1680 m,
1837 1623 1919 1673 47.
1957 1619 2132 1671 victus
2172 1617 2467 1683 Chaonius,
2509 1618 2544 1672 i.
2584 1633 2630 1671 e.
2668 1616 2913 1686 glandes.
2961 1616 3040 1669 De

689 1684 997 1740 Chaonia
1030 1685 1138 1740 vid.
1180 1685 1379 1741 librum
1417 1703 1596 1741 meum
1631 1704 1814 1756 geogr.
1850 1687 1953 1740 III.
1992 1703 2044 1757 p.
2084 1689 2221 1747 878„
2261 1686 2328 1741 de
2361 1687 2478 1766 ipso
2513 1689 2695 1739 autem
2716 1684 2909 1754 oppido
2935 1683 3041 1736 Do-

685 1752 855 1808 donae
890 1754 1109 1875 eiusgue
1145 1755 1361 1808 oraculo
1396 1754 1528 1809 ibid.
1565 1772 1616 1824 p.
1648 1756 1762 1810 880.
1789 1787 1854 1795 -
1886 1754 1972 1814 14.
2017 1753 2172 1815 „Nisi
2198 1769 2424 1824 augurio
2445 1754 2681 1807 monitus
2707 1753 2949 1813 fuissem.
2977 1755 3042 1804 ut

688 1822 873 1892 quovis
909 1837 997 1875 mo
1036 1837 1066 1874 ο
1100 1821 1279 1891 iurgia
1313 1838 1437 1876 cum
1472 1823 1742 1877 veteranis
1778 1824 1832 1877 in
1869 1839 2027 1888 agros
2061 1821 2228 1876 irrum
2299 1821 2484 1875 ntibus
2521 1819 2907 1890 praeciderem.
2954 1836 3041 1874 ca·

687 1889 817 1959 pitis
833 1889 1128 1958 periculum
1156 1905 1265 1944 una
1290 1905 1411 1943 cum
1436 1889 1566 1943 hero
1590 1891 1833 1945 Menalca
1855 1890 2165 1944 adiissem.“
2259 1907 2373 1958 eyn.
2411 1889 2494 1943 Cf.
2523 1889 2744 1956 Argum.
2765 1919 2832 1928 —
2856 1886 3045 1949 Quod

684 1956 846 2022 nisi,
883 1956 919 2011 i.
968 1973 1014 2011 e.
1052 1958 1399 2026 quamobrem
1436 1958 1562 2011 nisi.
1633 1958 1718 2011 cf.
1764 1956 2016 2012 Ruddim.
2065 1957 2139 2011 11.
2216 1997 2229 2009 .
2268 1961 2386 2011 355.
2422 1957 2634 2025 Zumpt.
2679 1961 2726 2021 ξ.
2772 1958 2887 2010 342.
2927 1959 3038 2009 1101.

686 2023 906 2079 Ramsh.
944 2029 990 2089 §-
1027 2026 1144 2078 200.
1181 2024 1254 2079 Π.
1292 2029 1343 2079 4.
1413 2067 1425 2079 .
1466 2027 1583 2079 912.
1624 2024 1795 2079 Beier.
1834 2024 1903 2079 ad
1942 2025 2053 2079 Cic.
2091 2023 2136 2078 Ο
2181 2066 2194 2077 .
2234 2025 2306 2088 n,
2354 2029 2402 2088 8,
2450 2027 2532 2079 29.
2579 2023 2751 2077 Kritz.
2795 2022 2864 2077 ad
2907 2022 3039 2077 Sall.

685 2091 808 2147 Cat.
855 2094 913 2154 2,
963 2095 1013 2145 3.
1059 2091 1170 2146 alii.
1221 2092 1355 2147 Redi
1418 2093 1547 2148 Geo.
1583 2093 1635 2158 1,
1685 2097 1796 2147 155.
1847 2096 1902 2147 et
1937 2092 2087 2146 alibi.
2125 2123 2191 2133 —
2227 2109 2632 2172 quacumque
2666 2091 2768 2154 via,
2810 2090 3037 2146 ratione.

685 2159 769 2214 Cf.
806 2158 1016 2214 adnott.
1054 2158 1123 2214 ad
1161 2159 1279 2214 Ecl.
1315 2159 1418 2224 m,
1462 2164 1543 2214 15.
1586 2189 1647 2200 -
1682 2160 1983 2215 incidere
2015 2159 2199 2226 lites,
2246 2177 2280 2213 1.
2319 2178 2369 2230 q.
2408 2159 2737 2229 praecidere,
2777 2156 3037 2220 decidere.

685 2226 961 2288 dirimere;
998 2229 1064 2282 ut
1095 2243 1193 2281 nos
1227 2229 1602 2282 abachneiden.
1674 2228 1898 2298 Saepius
1933 2227 2204 2298 significat
2239 2244 2368 2289 rem,
2408 2243 2544 2297 quae
2568 2228 2677 2281 iam
2700 2242 2816 2281 esse
2845 2227 3036 2296 coepit,

686 2295 1021 2374 abrumpere.
1091 2295 1174 2350 Cf.
1208 2312 1260 2350 v.
1298 2311 1345 2349 c.
1386 2296 1517 2350 Hor.
1556 2296 1601 2349 Ε
1643 2337 1655 2349 .
1692 2296 1736 2352 Ι.
1784 2299 1864 2356 14,
1898 2299 1983 2350 36.
2021 2296 2268 2349 incidere
2303 2295 2508 2349 ludam.
2548 2294 2663 2349 Liv.
2690 2293 2915 2357 XXXII,
2953 2297 3036 2356 37,

686 2368 735 2417 5.
784 2363 1031 2417 inc-:dere
1067 2379 1382 2422 sermonem,
1425 2363 1521 2418 Sil.
1666 2404 1679 2426 ,
1726 2366 1811 2417 68.
1884 2364 1954 2417 Si
1995 2364 2122 2432 quie
2165 2367 2314 2427 forte
2354 2365 2515 2417 deum
2558 2371 2739 2416 tantos
2780 2361 3044 2416 inciderit

684 2438 859 2486 acuas.
893 2461 959 2471 --
1000 2429 1086 2492 15.
1129 2430 1353 2498 Cornix,
1392 2428 1626 2501 κορώνη,
1668 2431 1783 2484 avis
1819 2430 2044 2485 fatidica
2064 2435 2197 2496 erat,
2272 2447 2389 2491 uae,
2430 2431 2535 2484 sia
2554 2430 2777 2485 sinistra
2795 2431 3040 2492 canebat,

688 2516 774 2555 res
809 2499 1060 2554 eventum
1097 2497 1382 2554 habituras
1421 2499 1801 2570 praenuntiare
1876 2499 2158 2554 utabatur.
2277 2498 2316 2553 f.
2354 2497 2536 2554 Plaut.
2573 2499 2721 2555 Asin.
2758 2497 2831 2563 Π,
2876 2502 2919 2561 1,
2962 2502 3038 2553 12.

689 2566 863 2621 Picus
918 2567 1115 2621 cornix
1148 2575 1226 2620 est
1259 2586 1296 2621 a
1319 2567 1499 2621 laeva.
1536 2567 1645 2621 Cic.
1670 2566 1789 2621 Div.
1853 2609 1866 2632 ,
1888 2571 1970 2632 39,
2011 2569 2095 2621 85.
2132 2567 2325 2621 cornia:
2358 2585 2397 2621 a
2420 2567 2651 2622 Anien-a
2673 2568 2823 2633 tacit
2841 2574 3039 2621 ratum.

686 2635 815 2689 Hor.
852 2608 953 2691 bd.
990 2633 1104 2698 ΠΙ,
1142 2638 1235 2697 27,
1282 2639 1362 2688 15.
1441 2636 1620 2704 Teque
1651 2651 1748 2689 nec
1785 2636 1976 2689 laevus
2008 2643 2147 2689 vetet
2180 2635 2263 2687 ire
2292 2635 2458 2706 picus
2491 2634 2612 2689 Nec
2641 2651 2789 2703 vaqa
2825 2636 3039 2689 cor-nar.

685 2701 916 2758 Phaedr.
953 2701 1063 2766 m,
1117 2704 1237 2765 188,
1287 2705 1370 2757 12.
1406 2701 1567 2756 laeva
1602 2704 1820 2756 cornici
1853 2704 2041 2757 omina
2084 2702 2270 2763 (data).
2350 2702 2451 2756 Hic
2491 2718 2612 2757 cum
2649 2703 2701 2756 in
2743 2720 2885 2755 cava
2917 2702 3038 2756 ilice

686 2770 877 2825 sedens
912 2772 1089 2835 canat,
1126 2770 1344 2840 aliquod
1379 2768 1587 2824 malum
1622 2770 1966 2824 vaticinatur.
2038 2772 2219 2825 Ameis
2253 2771 2392 2841 Spic.
2430 2788 2482 2840 p.
2524 2775 2632 2831 15..
2671 2769 2792 2823 coll.
2829 2769 2955 2824 (300.
2993 2770 3037 2831 Ι,

685 2842 802 2893 444.
839 2842 895 2893 et
928 2839 1059 2892 Aen.
1095 2837 1140 2899 1,
1187 2842 1320 2903 110.,
1359 2838 1497 2892 talia
1532 2854 1595 2892 ex
1613 2837 1936 2892 Graecorum
1976 2854 2122 2893 more
2159 2837 2306 2894 dicta
2344 2854 2460 2892 esse
2497 2838 2811 2892 arbitratur.
2847 2868 2915 2878 —
2953 2837 3038 2897 16.

688 2923 802 2959 nec
836 2936 858 2947 -
896 2934 920 2946 -
970 2904 1079 2960 hic
1130 2905 1410 2973 Moeris,
1457 2923 1577 2959 uec·
1609 2935 1635 2946 -
1670 2934 1694 2946 -
1731 2906 2102 2987 Menalca-33
2150 2906 2185 2960 i.
2232 2922 2276 2961 e.
2319 2922 2491 2985 neque
2538 2922 2662 2975 ego,
2710 2920 2881 2984 neque
2927 2905 3038 2959 ille.

686 2973 826 3028 Nam
877 2972 1037 3027 Pron.
1091 2973 1185 3027 hic
1233 2989 1392 3043 saepe
1427 2974 1508 3028 ita
1545 2976 1866 3043 usurpatur,
1916 2976 1980 3027 ut
2026 2973 2173 3028 ahud
2219 2973 2345 3044 quid
2384 2990 2431 3027 ei
2469 2973 2563 3035 rei,
2606 2972 2691 3027 cui
2726 2973 3042 3027 adiunctum

686 3040 821 3095 illud
858 3043 959 3099 est.
998 3057 1064 3110 op
1105 3042 1314 3104 onatur,
1356 3041 1495 3110 quod
1532 3040 1687 3095 docet
1726 3041 1919 3110 Wagn.
1959 3041 2060 3107 Qu.
2093 3042 2246 3109 Virg.
2293 3041 2421 3097 XX.
2465 3044 2513 3094 7.
2551 3056 2604 3108 p.
2642 3043 2742 3094 596
2780 3057 2861 3110 sq.
2899 3056 3041 3094 com-

726 3125 886 3163 arans
920 3107 1035 3162 Ecl.
1160 3149 1173 3171 ‚
1215 3114 1262 3162 5.
1303 3110 1436 3163 Aen.
1473 3108 1517 3171 Ι,
1557 3110 1649 3161 261
1696 3126 1812 3178 sqq.
1852 3112 1950 3163 715
1989 3126 2070 3179 sq.
2107 3109 2178 3173 11,
2220 3112 2312 3163 291
2353 3126 2415 3188 sq
2460 3149 2470 3161 .
2507 3112 2624 3162 577.
2660 3108 2754 3175 VI,
2792 3111 2886 3161 127
2921 3125 2949 3162 s
3027 3149 3040 3162 .

686 3125 846 3237 Vm,
899 3176 1361 3255 2873multosque
1404 3175 1542 3230 alios
1578 3175 1742 3229 locos.
1783 3176 2086 3297 Coninffton
2122 3175 2346 3231 conferri
2386 3125 2539 3256 1111161
2574 3175 2691 3229 Ter.
2731 3176 2928 3231 Heaut.
3025 3217 3038 3237 .

688 3247 735 3303 3.
782 3248 893 3297 115.
965 3242 1096 3295 Τιόι
1134 3251 1289 3296 erunt
1323 3251 1533 3314 parata
1570 3246 1754 3309 verba,
1789 3244 1916 3297 huic
1988 3245 2163 3297 omini
2195 3245 2252 3307 (i.
2294 3261 2340 3297 e.
2378 3243 2533 3303 mihi)
2567 3245 2811 3297 verbera.
2845 3274 2914 3284 —
2951 3243 3038 3304 17.

685 3310 873 3367 cadit
906 3310 976 3364 in
1010 3328 1398 3381 quemquam
1431 3319 1687 3364 tautum
1720 3311 1975 3364 scelus?
2014 3312 2047 3365 i.
2085 3329 2129 3367 e.
2205 3314 2348 3366 otest
2373 3327 2408 3365 a
2433 3326 2699 3431 quotfiluam
2726 3312 3036 3381 exspectari,

688 3381 870 3450 potest
903 3378 1187 3449 quisquam
1228 3379 1566 3433 committere
1598 3381 1819 3433 tantum
1859 3379 2076 3433 scelus?
2215 3382 2343 3433 dere
2386 3395 2528 3432 emm
2609 3377 2714 3432 aud
2757 3394 2878 3433 raro
2913 3378 2947 3431 i.
2988 3396 3038 3448 q.

688 3446 982 3501 convenire.
1053 3445 1136 3500 Cf.
1174 3462 1224 3500 v.
1262 3463 1307 3501 c.
1344 3447 1453 3501 Cic.
1492 3446 1610 3500 har.
1649 3462 1789 3516 resp.
1830 3448 1912 3509 26,
1951 3450 2034 3501 56.
2103 3448 2172 3500 In
2207 3464 2325 3501 eum
2361 3446 2519 3500 cadit
2549 3446 2654 3501 hoc
2685 3447 3039 3500 ver-bamma-

683 3516 842 3568 oeime.
889 3512 966 3568 id.
1014 3512 1149 3568 Sall.
1200 3516 1293 3580 27,
1350 3519 1430 3568 75.
1504 3515 1637 3568 Non
1681 3514 1838 3567 cadit
1871 3514 1931 3567 in
1969 3516 2110 3568 hunc
2145 3513 2413 3568 hominem
2452 3514 2563 3567 ista
2597 3515 2857 3583 stupido,
2896 3512 3038 3567 Plin.

685 3582 910 3644 XXXV,
963 3586 1050 3643 10,
1098 3584 1177 3636 36.
1249 3582 1381 3635 Non
1434 3583 1592 3635 cadit
1632 3583 1691 3634 in
1733 3581 1906 3636 alium
1954 3591 2065 3635 tam
2095 3580 2406 3636 absolutam
2442 3598 2582 3652 opus
2615 3583 2716 3635 etc.
2786 3582 3037 3636 Ceterum

686 3649 895 3705 Peerlk.
945 3666 999 3719 p.
1044 3653 1127 3704 44.
1173 3649 1386 3703 mavult
1427 3648 1535 3719 legi
1582 3649 1728 3717 Heu,
1782 3652 1983 3703 cadere
2036 3650 2094 3702 in
2146 3666 2480 3719 quanquam.
2524 3678 2592 3689 —-
2637 3648 2724 3710 18.
2783 3649 3041 3703 solatia

684 3725 889 3789 rapta
897 3758 917 3798 t
965 3716 1207 3771 carmina
1239 3719 1441 3787 erepta,
1480 3733 1617 3787 quae
1653 3732 1810 3771 curas
1847 3720 1903 3771 et
1939 3717 2217 3771 molestias
2252 3717 2609 3783 agricolarum
2644 3716 2946 3779 leniebant;
2983 3720 3041 3771 et

686 3785 912 3856 Vergilii
950 3783 1166 3855 quidem
1201 3786 1458 3849 carmina,
1499 3785 1589 3855 qui
1627 3801 1694 3855 pe
1764 3785 1823 3838 ui
1856 3784 1970 3839 Ecl.
1995 3784 2059 3839 V.
2096 3785 2358 3855 agricolas
2394 3782 2702 3839 consolatus
2727 3785 2816 3849 sit,
2853 3801 2888 3840 a
2924 3785 3038 3855 pel·

686 3853 789 3908 lari
822 3852 877 3907 h.
915 3851 953 3907 l.
991 3851 1148 3907 docet
1169 3853 1323 3908 Voss.
1394 3851 1480 3907 Cf.
1518 3868 1589 3907 au
1647 3869 1702 3906 m
1839 3850 1931 3907 ud.
1957 3851 2136 3907 Praef.
2171 3852 2241 3907 Π.
2280 3853 2345 3907 de
2383 3857 2544 3922 raptu
2581 3852 2732 3907 Pros.
2770 3857 2821 3906 3.
2951 3908 2964 3921 .
2987 3871 3039 3908 e·

687 3921 819 3974 bant
851 3927 1041 3990 erepta
1072 3921 1187 3974 sibi
1218 3920 1424 3975 solatia
1461 3920 1754 3991 Nymphae
1800 3921 1857 3977 (i.
1903 3936 1949 3975 e.
2105 3919 2192 3974 hei
2238 3924 2470 3981 cantus.)
2520 3922 2577 3974 et
2611 3936 2730 3974 cum
2769 3923 2885 3974 toto
2921 3920 3038 3975 loco

685 3987 937 4043 Moschus
972 3986 1074 4047 111.
1118 3991 1194 4041 11.
1231 3990 1287 4042 et
1324 3991 1406 4041 64.
1477 3988 1730 4043 Ceterum
1766 3988 1939 4045 Hevn.
1975 4003 2074 4056 pos
2133 3988 2399 4041 Menalca
2435 3988 2614 4041 minus
2653 3990 2797 4043 recte
2823 3989 3038 4055 signum

687 4055 1088 4111 exclamationis
1164 4057 1332 4119 osuit;
1385 4055 1579 4125 Wagn.
1628 4060 1812 4110 autem
1850 4044 1978 4109 Vol.
2016 4056 2081 4111 V.
2122 4057 2178 4109 et
2213 4055 2468 4111 Ribbeck.
2509 4071 2570 4109 ex
2605 4055 2746 4111 Med.
2791 4060 2850 4109 et
2883 4056 3035 4112 Rom.

686 4122 1011 4178 auctoritate
1047 4140 1111 4177 so
1206 4124 1263 4177 ia
1297 4123 1403 4178 scri
1443 4126 1646 4179 serunt.
1694 4124 1775 4177 Cf.
1813 4123 2007 4192 Wagn.
2043 4122 2200 4178 Orth.
2238 4124 2397 4191 Verg.
2435 4140 2485 4192 p.
2524 4126 2640 4178 472.
2688 4126 2745 4178 et
2778 4124 3035 4181 Ribbeck.

685 4191 899 4311 Prole&
934 4207 989 4260 p.
1026 4194 1146 4245 446.
1182 4223 1247 4231 -
1287 4192 1351 4246 V.
1422 4192 1460 4252 9
1495 4209 1609 4262 sqq.
1645 4190 1844 4271 Spohn.
1877 4192 1932 4245 in
1972 4189 2101 4245 Prol
2170 4208 2223 4260 g.
2247 4209 2312 4313 Β.
2350 4197 2435 4245 50.
2470 4190 2540 4245 ad
2575 4191 2732 4247 ludos
2755 4192 3038 4262 Apollina-

686 4276 789 4325 res,
897 4274 1023 4327 agn.
1056 4263 1240 4313 autem
1278 4258 1348 4313 ad
1384 4260 1728 4315 Ambarvaha
1771 4259 1942 4314 alludi
1979 4275 2133 4313 cense
2164 4299 2177 4312 .
2298 4276 2327 4314 e
2363 4258 2476 4313 illis
2509 4259 2618 4315 vid.
2653 4260 2877 4328 Argum.
2919 4261 3032 4316 Ecl.

685 4327 771 4387 V..
807 4325 875 4382 (le
907 4325 994 4381 his
1028 4326 1240 4381 adnott.
1275 4327 1344 4381 ad
1385 4327 1513 4383 Geo.
1549 4327 1593 4389 I,
1630 4329 1746 4381 338.
1782 4356 1849 4366 —
1891 4328 2051 4387 Quis
2099 4334 2366 4381 caneret
2405 4326 2784 4397 Nymphas?
2832 4328 2878 4381 si
2921 4329 3036 4384 Me-

684 4394 870 4450 nalcas
909 4411 954 4449 s.
990 4394 1100 4449 Ver
1140 4395 1153 4408 '
1182 4395 1264 4449 ‘us
1298 4411 1333 4449 a
1366 4395 1635 4450 veteranis
1678 4394 1983 4449 furibundis
2027 4394 2345 4450 interfectus
2380 4394 2591 4450 Fuisset.
2662 4394 2904 4465 Respicit
2939 4413 3034 4453 au-

687 4464 799 4519 tem
871 4463 995 4517 oeta
1030 4461 1145 4517 Ec.
1182 4463 1247 4527 V,
1283 4465 1386 4525 20..
1423 4465 1488 4518 ut
1523 4462 1577 4517 in
1617 4463 1967 4533 sequentibus
2005 4462 2242 4518 eiusdem
2282 4462 2533 4517 carminis
2561 4478 2610 4517 V.
2646 4467 2759 4523 40„
2799 4463 2890 4518 ubi
2926 4465 3034 4521 vid.

686 4529 826 4585 adno
884 4572 896 4585 .
964 4529 1120 4596 Quod
1154 4532 1334 4586 autem
1384 4529 1453 4585 ad
1501 4530 1769 4600 duplicem
1812 4531 2014 4586 attinet
2056 4532 2507 4586 constructionem
2550 4531 2812 4585 inducere
2851 4534 3038 4596 fontes

685 4600 879 4652 umbra
910 4599 969 4653 et
1000 4598 1262 4653 indumen-e
1291 4599 1543 4665 fontibus
1573 4599 1838 4665 mbram,
1875 4599 2079 4663 Burm.‚
2118 4599 2239 4655 coll.
2260 4598 2415 4655 Ovid.
2440 4598 2573 4654 Met.
2608 4598 2674 4663 X,
2714 4601 2832 4654 271.
2868 4600 3035 4655 indoc-

688 4682 811 4721 cere
846 4683 1056 4722 cornua
1093 4683 1235 4721 atero
1260 4669 1319 4722 et
1343 4665 1439 4731 IV,
1474 4669 1595 4721 408.
1620 4666 1881 4723 inducere
1906 4668 2135 4723 brachia
2152 4666 2377 4739 phana,
2416 4667 2589 4732 docet,
2628 4683 2744 4724 esse
2768 4667 3030 4739 quasdam
