<?xml version="1.0" encoding="UTF-8"?>
<!DOCTYPE html PUBLIC "-//W3C//DTD XHTML 1.0 Transitional//EN"
    "http://www.w3.org/TR/xhtml1/DTD/xhtml1-transitional.dtd">
<html xmlns="http://www.w3.org/1999/xhtml" xml:lang="en" lang="en">
 <head>
  <title>
</title>
<meta http-equiv="Content-Type" content="text/html;charset=utf-8" />
  <meta name='ocr-system' content='tesseract 3.04.00' />
  <meta name='ocr-capabilities' content='ocr_page ocr_carea ocr_par ocr_line ocrx_word'/>
</head>
<body>
  <div class='ocr_page' id='page_1' title='image "./pvergilimaronis16virggoog/pvergilimaronis16virggoog_0353.png"; bbox 0 0 3616 5026; ppageno 0'>
   <div class='ocr_carea' id='block_1_1' title="bbox 1466 204 3050 276">
    <p class='ocr_par' dir='ltr' id='par_1_1' title="bbox 1466 204 3050 276">
     <span class='ocr_line' id='line_1_1' title="bbox 1466 204 3050 276; baseline 0.002 -4"><span class='ocrx_word' id='word_1_1' title='bbox 1466 204 1997 274; x_wconf 83' lang='lat' dir='ltr'>GEORGICON</span> <span class='ocrx_word' id='word_1_2' title='bbox 2036 206 2203 274; x_wconf 92' lang='lat' dir='ltr'><strong>LIB.</strong></span> <span class='ocrx_word' id='word_1_3' title='bbox 2230 207 2311 275; x_wconf 90' lang='lat' dir='ltr'><strong>H.</strong></span> <span class='ocrx_word' id='word_1_4' title='bbox 2929 212 3050 276; x_wconf 81' lang='lat'><strong>343</strong></span> 
     </span>
    </p>
   </div>
   <div class='ocr_carea' id='block_1_2' title="bbox 708 372 3048 714">
    <p class='ocr_par' dir='ltr' id='par_1_2' title="bbox 709 372 2507 461">
     <span class='ocr_line' id='line_1_2' title="bbox 709 372 2507 461; baseline 0.001 -23"><span class='ocrx_word' id='word_1_5' title='bbox 709 374 846 438; x_wconf 90' lang='lat' dir='ltr'><strong>Nec</strong></span> <span class='ocrx_word' id='word_1_6' title='bbox 883 394 990 438; x_wconf 93' lang='lat' dir='ltr'><strong>res</strong></span> <span class='ocrx_word' id='word_1_7' title='bbox 1033 372 1207 438; x_wconf 89' lang='lat' dir='ltr'><strong>hunc</strong></span> <span class='ocrx_word' id='word_1_8' title='bbox 1246 382 1511 438; x_wconf 79' lang='lat' dir='ltr'><strong>tenerae</strong></span> <span class='ocrx_word' id='word_1_9' title='bbox 1554 384 1820 461; x_wconf 81' lang='lat' dir='ltr'><strong>possent</strong></span> <span class='ocrx_word' id='word_1_10' title='bbox 1864 374 2155 461; x_wconf 89' lang='lat' dir='ltr'><strong>perferre</strong></span> <span class='ocrx_word' id='word_1_11' title='bbox 2192 374 2507 458; x_wconf 88' lang='lat' dir='ltr'><strong>laborem,</strong></span> 
     </span>
    </p>

    <p class='ocr_par' dir='ltr' id='par_1_3' title="bbox 712 455 2398 547">
     <span class='ocr_line' id='line_1_3' title="bbox 712 455 2398 547; baseline 0.003 -26"><span class='ocrx_word' id='word_1_12' title='bbox 712 455 783 521; x_wconf 89' lang='lat' dir='ltr'><strong>Si</strong></span> <span class='ocrx_word' id='word_1_13' title='bbox 823 479 953 521; x_wconf 88' lang='lat' dir='ltr'><strong>non</strong></span> <span class='ocrx_word' id='word_1_14' title='bbox 995 465 1180 522; x_wconf 89' lang='lat' dir='ltr'><strong>tanta</strong></span> <span class='ocrx_word' id='word_1_15' title='bbox 1220 457 1401 544; x_wconf 91' lang='lat' dir='ltr'><strong>quies</strong></span> <span class='ocrx_word' id='word_1_16' title='bbox 1444 457 1572 521; x_wconf 89' lang='lat' dir='ltr'><strong>iret</strong></span> <span class='ocrx_word' id='word_1_17' title='bbox 1611 456 1696 521; x_wconf 87' lang='lat' dir='ltr'><strong>fri</strong></span> <span class='ocrx_word' id='word_1_18' title='bbox 1822 480 1947 545; x_wconf 91' lang='lat' dir='ltr'><strong>que</strong></span> <span class='ocrx_word' id='word_1_19' title='bbox 1991 458 2398 547; x_wconf 87' lang='lat' dir='ltr'><strong>caloremque</strong></span> 
     </span>
    </p>

    <p class='ocr_par' dir='ltr' id='par_1_4' title="bbox 708 538 3048 714">
     <span class='ocr_line' id='line_1_4' title="bbox 708 538 3048 626; baseline 0 -23"><span class='ocrx_word' id='word_1_20' title='bbox 708 539 902 619; x_wconf 85' lang='lat' dir='ltr'><strong>Inter,</strong></span> <span class='ocrx_word' id='word_1_21' title='bbox 950 548 1012 604; x_wconf 92' lang='lat' dir='ltr'><strong>et</strong></span> <span class='ocrx_word' id='word_1_22' title='bbox 1054 540 1385 626; x_wconf 83' lang='lat' dir='ltr'><strong>exciperet</strong></span> <span class='ocrx_word' id='word_1_23' title='bbox 1426 539 1590 605; x_wconf 88' lang='lat' dir='ltr'><strong>caeli</strong></span> <span class='ocrx_word' id='word_1_24' title='bbox 1629 541 1698 605; x_wconf 88' lang='lat' dir='ltr'><strong>in</strong></span> <span class='ocrx_word' id='word_1_25' title='bbox 1746 538 2037 626; x_wconf 77' lang='lat' dir='ltr'><strong>algentia</strong></span> <span class='ocrx_word' id='word_1_26' title='bbox 2077 553 2302 607; x_wconf 86' lang='lat' dir='ltr'><strong>terras.</strong></span> <span class='ocrx_word' id='word_1_27' title='bbox 2946 554 3048 605; x_wconf 85' lang='grc'><strong>345</strong></span> 
     </span>
     <span class='ocr_line' id='line_1_5' title="bbox 876 621 2966 714; baseline 0 -27"><span class='ocrx_word' id='word_1_28' title='bbox 876 621 1071 703; x_wconf 82' lang='lat' dir='ltr'><strong>Quod</strong></span> <span class='ocrx_word' id='word_1_29' title='bbox 1113 632 1432 708; x_wconf 82' lang='lat' dir='ltr'><strong>superest,</strong></span> <span class='ocrx_word' id='word_1_30' title='bbox 1475 645 1918 712; x_wconf 89' lang='lat' dir='ltr'><strong>quaecumque</strong></span> <span class='ocrx_word' id='word_1_31' title='bbox 1954 647 2211 713; x_wconf 85' lang='lat' dir='ltr'><strong>premes</strong></span> <span class='ocrx_word' id='word_1_32' title='bbox 2256 625 2544 714; x_wconf 88' lang='lat' dir='ltr'><strong>virgulta</strong></span> <span class='ocrx_word' id='word_1_33' title='bbox 2587 648 2706 712; x_wconf 88' lang='lat' dir='ltr'><strong>per</strong></span> <span class='ocrx_word' id='word_1_34' title='bbox 2750 645 2966 709; x_wconf 88' lang='lat' dir='ltr'><strong>agros,</strong></span> 
     </span>
    </p>
   </div>
   <div class='ocr_carea' id='block_1_3' title="bbox 713 775 1124 784">
    <p class='ocr_par' dir='ltr' id='par_1_5' title="bbox 713 775 1124 784">
     <span class='ocr_line' id='line_1_6' title="bbox 713 775 1124 784; baseline 0 4242"><span class='ocrx_word' id='word_1_35' title='bbox 713 775 1124 784; x_wconf 95' lang='lat' dir='ltr'><strong> </strong></span> 
     </span>
    </p>
   </div>
   <div class='ocr_carea' id='block_1_4' title="bbox 691 860 3050 4658">
    <p class='ocr_par' dir='ltr' id='par_1_6' title="bbox 691 860 3050 2967">
     <span class='ocr_line' id='line_1_7' title="bbox 706 860 3050 933; baseline -0 -18"><span class='ocrx_word' id='word_1_36' title='bbox 706 861 1079 918; x_wconf 84' lang='lat' dir='ltr'><strong>habebantur.</strong></span> <span class='ocrx_word' id='word_1_37' title='bbox 1143 875 1279 929; x_wconf 88' lang='lat' dir='ltr'><strong>quae</strong></span> <span class='ocrx_word' id='word_1_38' title='bbox 1315 862 1600 930; x_wconf 88' lang='lat' dir='ltr'><strong>propterea</strong></span> <span class='ocrx_word' id='word_1_39' title='bbox 1633 876 1737 913; x_wconf 89' lang='lat' dir='ltr'><strong>non</strong></span> <span class='ocrx_word' id='word_1_40' title='bbox 1774 860 1968 914; x_wconf 88' lang='lat' dir='ltr'><strong>mirum</strong></span> <span class='ocrx_word' id='word_1_41' title='bbox 2007 864 2092 916; x_wconf 89' lang='lat' dir='ltr'><strong>est</strong></span> <span class='ocrx_word' id='word_1_42' title='bbox 2123 860 2211 915; x_wconf 90' lang='lat' dir='ltr'><strong>hic</strong></span> <span class='ocrx_word' id='word_1_43' title='bbox 2244 861 2551 916; x_wconf 88' lang='lat' dir='ltr'><strong>hominibus</strong></span> <span class='ocrx_word' id='word_1_44' title='bbox 2587 863 2821 933; x_wconf 85' lang='lat' dir='ltr'><strong>ferisque</strong></span> <span class='ocrx_word' id='word_1_45' title='bbox 2857 862 3050 915; x_wconf 86' lang='lat' dir='ltr'><strong>creatis</strong></span> 
     </span>
     <span class='ocr_line' id='line_1_8' title="bbox 706 927 3046 1001; baseline -0.001 -16"><span class='ocrx_word' id='word_1_46' title='bbox 706 929 944 999; x_wconf 81' lang='lat' dir='ltr'><strong>adiungi.</strong></span> <span class='ocrx_word' id='word_1_47' title='bbox 1013 927 1099 983; x_wconf 84' lang='lat' dir='ltr'><strong>Cf.</strong></span> <span class='ocrx_word' id='word_1_48' title='bbox 1148 929 1312 983; x_wconf 87' lang='lat' dir='ltr'><strong>etiam</strong></span> <span class='ocrx_word' id='word_1_49' title='bbox 1358 927 1482 983; x_wconf 89' lang='lat' dir='ltr'><strong>Geo.</strong></span> <span class='ocrx_word' id='word_1_50' title='bbox 1529 929 1574 990; x_wconf 91' lang='lat'><strong>1,</strong></span> <span class='ocrx_word' id='word_1_51' title='bbox 1620 930 1702 981; x_wconf 92' lang='grc'><strong>32.</strong></span> <span class='ocrx_word' id='word_1_52' title='bbox 1746 927 1841 991; x_wconf 83' lang='lat' dir='ltr'><strong>IV,</strong></span> <span class='ocrx_word' id='word_1_53' title='bbox 1882 931 2000 982; x_wconf 85' lang='grc'><strong>226.</strong></span> <span class='ocrx_word' id='word_1_54' title='bbox 2049 929 2205 984; x_wconf 82' lang='lat' dir='ltr'><strong>Ovid.</strong></span> <span class='ocrx_word' id='word_1_55' title='bbox 2241 930 2373 984; x_wconf 82' lang='lat' dir='ltr'><strong>Met.</strong></span> <span class='ocrx_word' id='word_1_56' title='bbox 2414 930 2458 990; x_wconf 91' lang='lat' dir='ltr'><strong>I,</strong></span> <span class='ocrx_word' id='word_1_57' title='bbox 2498 933 2562 985; x_wconf 88' lang='grc'><strong>69</strong></span> <span class='ocrx_word' id='word_1_58' title='bbox 2599 947 2718 1001; x_wconf 88' lang='lat' dir='ltr'><strong>sqq.</strong></span> <span class='ocrx_word' id='word_1_59' title='bbox 2756 930 2907 985; x_wconf 84' lang='lat' dir='ltr'><strong>Fast.</strong></span> <span class='ocrx_word' id='word_1_60' title='bbox 2945 929 3046 992; x_wconf 91' lang='lat' dir='ltr'><strong>III,</strong></span> 
     </span>
     <span class='ocr_line' id='line_1_9' title="bbox 708 995 3048 1068; baseline -0 -16"><span class='ocrx_word' id='word_1_61' title='bbox 708 1001 801 1052; x_wconf 89' lang='grc'><strong>111</strong></span> <span class='ocrx_word' id='word_1_62' title='bbox 845 1014 983 1068; x_wconf 70' lang='lat' dir='ltr'><strong>sqq„</strong></span> <span class='ocrx_word' id='word_1_63' title='bbox 1021 1012 1055 1050; x_wconf 85' lang='lat' dir='ltr'><strong>a</strong></span> <span class='ocrx_word' id='word_1_64' title='bbox 1089 996 1243 1049; x_wconf 88' lang='lat' dir='ltr'><strong>Voss.</strong></span> <span class='ocrx_word' id='word_1_65' title='bbox 1284 996 1510 1051; x_wconf 84' lang='lat' dir='ltr'><strong>laudati.</strong></span> <span class='ocrx_word' id='word_1_66' title='bbox 1550 1027 1614 1036; x_wconf 93' lang='lat'>—</span> <span class='ocrx_word' id='word_1_67' title='bbox 1661 995 1792 1057; x_wconf 84' lang='lat'><strong>343.</strong></span> <span class='ocrx_word' id='word_1_68' title='bbox 1834 999 1983 1059; x_wconf 74' lang='lat' dir='ltr'><strong>„Aut</strong></span> <span class='ocrx_word' id='word_1_69' title='bbox 2019 998 2232 1052; x_wconf 88' lang='lat' dir='ltr'><strong>omnino</strong></span> <span class='ocrx_word' id='word_1_70' title='bbox 2268 998 2335 1052; x_wconf 89' lang='lat' dir='ltr'><strong>ad</strong></span> <span class='ocrx_word' id='word_1_71' title='bbox 2380 998 2520 1052; x_wconf 82' lang='lat' dir='ltr'><strong>veris</strong></span> <span class='ocrx_word' id='word_1_72' title='bbox 2557 1002 2812 1053; x_wconf 85' lang='lat' dir='ltr'><strong>naturam</strong></span> <span class='ocrx_word' id='word_1_73' title='bbox 2847 997 3048 1052; x_wconf 86' lang='lat' dir='ltr'><strong>almam</strong></span> 
     </span>
     <span class='ocr_line' id='line_1_10' title="bbox 705 1064 3047 1137; baseline -0.001 -16"><span class='ocrx_word' id='word_1_74' title='bbox 705 1066 837 1121; x_wconf 84' lang='lat' dir='ltr'><strong>haec</strong></span> <span class='ocrx_word' id='word_1_75' title='bbox 875 1065 1174 1126; x_wconf 76' lang='lat' dir='ltr'><strong>referimuS,</strong></span> <span class='ocrx_word' id='word_1_76' title='bbox 1226 1073 1321 1118; x_wconf 89' lang='lat' dir='ltr'><strong>aut</strong></span> <span class='ocrx_word' id='word_1_77' title='bbox 1358 1065 1426 1118; x_wconf 83' lang='lat' dir='ltr'><strong>ad</strong></span> <span class='ocrx_word' id='word_1_78' title='bbox 1464 1064 1725 1133; x_wconf 78' lang='lat' dir='ltr'><strong>originem</strong></span> <span class='ocrx_word' id='word_1_79' title='bbox 1761 1065 1948 1119; x_wconf 87' lang='lat' dir='ltr'><strong>mundi</strong></span> <span class='ocrx_word' id='word_1_80' title='bbox 1983 1065 2106 1119; x_wconf 90' lang='lat' dir='ltr'><strong>inde</strong></span> <span class='ocrx_word' id='word_1_81' title='bbox 2143 1082 2176 1120; x_wconf 87' lang='lat' dir='ltr'><strong>a</strong></span> <span class='ocrx_word' id='word_1_82' title='bbox 2211 1082 2260 1119; x_wconf 80' lang='lat' dir='ltr'><strong>v.</strong></span> <span class='ocrx_word' id='word_1_83' title='bbox 2300 1070 2435 1133; x_wconf 68' lang='lat'><strong>336„</strong></span> <span class='ocrx_word' id='word_1_84' title='bbox 2486 1066 2551 1119; x_wconf 86' lang='lat' dir='ltr'><strong>ut</strong></span> <span class='ocrx_word' id='word_1_85' title='bbox 2587 1074 2810 1137; x_wconf 69' lang='lat' dir='ltr'><strong>poscent</strong></span> <span class='ocrx_word' id='word_1_86' title='bbox 2842 1065 3047 1119; x_wconf 88' lang='lat' dir='ltr'><strong>dictum</strong></span> 
     </span>
     <span class='ocr_line' id='line_1_11' title="bbox 703 1132 3050 1272; baseline 0 -17"><span class='ocrx_word' id='word_1_87' title='bbox 703 1134 801 1257; x_wconf 63' lang='grc'><strong>23228</strong></span> <span class='ocrx_word' id='word_1_88' title='bbox 805 1150 909 1255; x_wconf 57' lang='lat' dir='ltr'><strong>n...</strong></span> <span class='ocrx_word' id='word_1_89' title='bbox 931 1133 1742 1271; x_wconf 58' lang='grc'><strong>23333833282883238322</strong></span> <span class='ocrx_word' id='word_1_90' title='bbox 1789 1133 2128 1255; x_wconf 54' lang='lat' dir='ltr'><strong>{sm</strong></span> <span class='ocrx_word' id='word_1_91' title='bbox 2155 1134 2517 1256; x_wconf 56' lang='grc'><strong>8323232338·</strong></span> <span class='ocrx_word' id='word_1_92' title='bbox 2534 1132 3050 1272; x_wconf 43' lang='lat' dir='ltr'><strong>genesiis}</strong></span> 
     </span>
     <span class='ocr_line' id='line_1_12' title="bbox 706 1267 3048 1336; baseline 0 -12"><span class='ocrx_word' id='word_1_93' title='bbox 706 1269 959 1324; x_wconf 85' lang='lat' dir='ltr'><strong>dentibus</strong></span> <span class='ocrx_word' id='word_1_94' title='bbox 993 1267 1088 1323; x_wconf 87' lang='lat' dir='ltr'><strong>iun</strong></span> <span class='ocrx_word' id='word_1_95' title='bbox 1127 1268 1291 1323; x_wconf 90' lang='lat' dir='ltr'><strong>endos</strong></span> <span class='ocrx_word' id='word_1_96' title='bbox 1328 1284 1468 1332; x_wconf 87' lang='lat' dir='ltr'><strong>esse,</strong></span> <span class='ocrx_word' id='word_1_97' title='bbox 1515 1271 1580 1323; x_wconf 88' lang='lat' dir='ltr'><strong>ut</strong></span> <span class='ocrx_word' id='word_1_98' title='bbox 1614 1285 1802 1323; x_wconf 85' lang='lat' dir='ltr'><strong>sensus</strong></span> <span class='ocrx_word' id='word_1_99' title='bbox 1843 1269 1941 1323; x_wconf 86' lang='lat' dir='ltr'><strong>sit:</strong></span> <span class='ocrx_word' id='word_1_100' title='bbox 1978 1267 2093 1322; x_wconf 90' lang='lat' dir='ltr'><strong>Nec</strong></span> <span class='ocrx_word' id='word_1_101' title='bbox 2124 1285 2229 1322; x_wconf 77' lang='lat' dir='ltr'><strong>ree</strong></span> <span class='ocrx_word' id='word_1_102' title='bbox 2265 1277 2553 1336; x_wconf 77' lang='lat' dir='ltr'><strong>tenerae,</strong></span> <span class='ocrx_word' id='word_1_103' title='bbox 2597 1270 2633 1324; x_wconf 90' lang='lat' dir='ltr'><strong>i.</strong></span> <span class='ocrx_word' id='word_1_104' title='bbox 2675 1285 2717 1323; x_wconf 87' lang='lat' dir='ltr'><strong>e.</strong></span> <span class='ocrx_word' id='word_1_105' title='bbox 2754 1284 2892 1324; x_wconf 84' lang='lat' dir='ltr'><strong>nova</strong></span> <span class='ocrx_word' id='word_1_106' title='bbox 2926 1273 3048 1324; x_wconf 85' lang='lat' dir='ltr'><strong>sata</strong></span> 
     </span>
     <span class='ocr_line' id='line_1_13' title="bbox 706 1336 3046 1408; baseline -0 -16"><span class='ocrx_word' id='word_1_107' title='bbox 706 1341 762 1392; x_wconf 90' lang='lat' dir='ltr'><strong>et</strong></span> <span class='ocrx_word' id='word_1_108' title='bbox 796 1337 1057 1407; x_wconf 78' lang='lat' dir='ltr'><strong>germina,</strong></span> <span class='ocrx_word' id='word_1_109' title='bbox 1138 1355 1259 1391; x_wconf 80' lang='lat' dir='ltr'><strong>une</strong></span> <span class='ocrx_word' id='word_1_110' title='bbox 1283 1338 1604 1407; x_wconf 76' lang='lat' dir='ltr'><strong>persev-re</strong></span> <span class='ocrx_word' id='word_1_111' title='bbox 1639 1337 1956 1402; x_wconf 81' lang='lat' dir='ltr'><strong>laborem,</strong></span> <span class='ocrx_word' id='word_1_112' title='bbox 1996 1352 2152 1406; x_wconf 89' lang='lat' dir='ltr'><strong>quem</strong></span> <span class='ocrx_word' id='word_1_113' title='bbox 2198 1340 2253 1391; x_wconf 86' lang='lat' dir='ltr'><strong>et</strong></span> <span class='ocrx_word' id='word_1_114' title='bbox 2291 1336 2484 1391; x_wconf 87' lang='lat' dir='ltr'><strong>hiemis</strong></span> <span class='ocrx_word' id='word_1_115' title='bbox 2523 1341 2581 1392; x_wconf 88' lang='lat' dir='ltr'><strong>et</strong></span> <span class='ocrx_word' id='word_1_116' title='bbox 2614 1340 2797 1392; x_wconf 89' lang='lat' dir='ltr'><strong>aestus</strong></span> <span class='ocrx_word' id='word_1_117' title='bbox 2835 1337 2916 1391; x_wconf 82' lang='lat' dir='ltr'><strong>vis</strong></span> <span class='ocrx_word' id='word_1_118' title='bbox 2951 1354 3046 1408; x_wconf 87' lang='lat' dir='ltr'><strong>pa·</strong></span> 
     </span>
     <span class='ocr_line' id='line_1_14' title="bbox 704 1404 3046 1483; baseline -0.001 -23"><span class='ocrx_word' id='word_1_119' title='bbox 704 1410 816 1468; x_wconf 87' lang='lat' dir='ltr'><strong>rat,</strong></span> <span class='ocrx_word' id='word_1_120' title='bbox 865 1405 901 1459; x_wconf 92' lang='lat' dir='ltr'><strong>i.</strong></span> <span class='ocrx_word' id='word_1_121' title='bbox 942 1421 989 1460; x_wconf 87' lang='lat' dir='ltr'><strong>e.</strong></span> <span class='ocrx_word' id='word_1_122' title='bbox 1027 1404 1222 1459; x_wconf 87' lang='lat' dir='ltr'><strong>durare</strong></span> <span class='ocrx_word' id='word_1_123' title='bbox 1261 1408 1316 1458; x_wconf 89' lang='lat' dir='ltr'><strong>et</strong></span> <span class='ocrx_word' id='word_1_124' title='bbox 1349 1419 1585 1459; x_wconf 88' lang='lat' dir='ltr'><strong>crescere</strong></span> <span class='ocrx_word' id='word_1_125' title='bbox 1611 1409 1855 1483; x_wconf 85' lang='lat' dir='ltr'><strong>possent,</strong></span> <span class='ocrx_word' id='word_1_126' title='bbox 1893 1404 1997 1457; x_wconf 87' lang='lat' dir='ltr'><strong>nisi</strong></span> <span class='ocrx_word' id='word_1_127' title='bbox 2031 1420 2253 1459; x_wconf 83' lang='lat' dir='ltr'><strong>vernum</strong></span> <span class='ocrx_word' id='word_1_128' title='bbox 2289 1408 2507 1475; x_wconf 89' lang='lat' dir='ltr'><strong>tempus</strong></span> <span class='ocrx_word' id='word_1_129' title='bbox 2541 1407 2804 1459; x_wconf 77' lang='lat' dir='ltr'><strong>aestatem</strong></span> <span class='ocrx_word' id='word_1_130' title='bbox 2841 1411 2897 1458; x_wconf 88' lang='lat' dir='ltr'><strong>et</strong></span> <span class='ocrx_word' id='word_1_131' title='bbox 2934 1405 3046 1459; x_wconf 87' lang='lat' dir='ltr'><strong>hie-</strong></span> 
     </span>
     <span class='ocr_line' id='line_1_15' title="bbox 706 1471 3045 1550; baseline -0.001 -23"><span class='ocrx_word' id='word_1_132' title='bbox 706 1490 848 1527; x_wconf 86' lang='lat' dir='ltr'><strong>mem</strong></span> <span class='ocrx_word' id='word_1_133' title='bbox 894 1471 1266 1527; x_wconf 80' lang='lat' dir='ltr'><strong>intercederet.</strong></span> <span class='ocrx_word' id='word_1_134' title='bbox 1341 1473 1574 1527; x_wconf 79' lang='lat' dir='ltr'><strong>Causam</strong></span> <span class='ocrx_word' id='word_1_135' title='bbox 1609 1473 1776 1550; x_wconf 70' lang='lat' dir='ltr'><strong>igitur</strong></span> <span class='ocrx_word' id='word_1_136' title='bbox 1811 1472 2050 1526; x_wconf 89' lang='lat' dir='ltr'><strong>continet</strong></span> <span class='ocrx_word' id='word_1_137' title='bbox 2083 1472 2169 1527; x_wconf 87' lang='lat' dir='ltr'><strong>hic</strong></span> <span class='ocrx_word' id='word_1_138' title='bbox 2203 1472 2368 1534; x_wconf 88' lang='lat' dir='ltr'><strong>locus,</strong></span> <span class='ocrx_word' id='word_1_139' title='bbox 2409 1490 2504 1527; x_wconf 87' lang='lat' dir='ltr'><strong>cur</strong></span> <span class='ocrx_word' id='word_1_140' title='bbox 2539 1492 2632 1527; x_wconf 81' lang='lat' dir='ltr'><strong>ver</strong></span> <span class='ocrx_word' id='word_1_141' title='bbox 2668 1489 2702 1527; x_wconf 86' lang='lat' dir='ltr'><strong>a</strong></span> <span class='ocrx_word' id='word_1_142' title='bbox 2734 1476 2932 1526; x_wconf 86' lang='lat' dir='ltr'><strong>natura</strong></span> <span class='ocrx_word' id='word_1_143' title='bbox 2971 1473 3045 1525; x_wconf 90' lang='lat' dir='ltr'><strong>sit</strong></span> 
     </span>
     <span class='ocr_line' id='line_1_16' title="bbox 705 1538 3042 1619; baseline -0.002 -24"><span class='ocrx_word' id='word_1_144' title='bbox 705 1542 1036 1596; x_wconf 84' lang='lat' dir='ltr'><strong>institutum.</strong></span> <span class='ocrx_word' id='word_1_145' title='bbox 1107 1540 1339 1594; x_wconf 70' lang='lat' dir='ltr'><strong>Possem</strong></span> <span class='ocrx_word' id='word_1_146' title='bbox 1371 1545 1554 1594; x_wconf 87' lang='lat' dir='ltr'><strong>autem</strong></span> <span class='ocrx_word' id='word_1_147' title='bbox 1590 1541 1804 1593; x_wconf 78' lang='lat' dir='ltr'><strong>minime</strong></span> <span class='ocrx_word' id='word_1_148' title='bbox 1843 1556 1939 1607; x_wconf 88' lang='lat' dir='ltr'><strong>pro</strong></span> <span class='ocrx_word' id='word_1_149' title='bbox 1961 1541 2275 1619; x_wconf 68' lang='lat' dir='ltr'><strong>pomieeent</strong></span> <span class='ocrx_word' id='word_1_150' title='bbox 2308 1542 2546 1610; x_wconf 87' lang='lat' dir='ltr'><strong>positum</strong></span> <span class='ocrx_word' id='word_1_151' title='bbox 2581 1553 2710 1611; x_wconf 80' lang='lat' dir='ltr'><strong>(qua</strong></span> <span class='ocrx_word' id='word_1_152' title='bbox 2744 1538 2810 1594; x_wconf 90' lang='lat' dir='ltr'><strong>de</strong></span> <span class='ocrx_word' id='word_1_153' title='bbox 2845 1556 2900 1593; x_wconf 88' lang='lat' dir='ltr'><strong>re</strong></span> <span class='ocrx_word' id='word_1_154' title='bbox 2938 1540 3042 1594; x_wconf 83' lang='lat' dir='ltr'><strong>vid.</strong></span> 
     </span>
     <span class='ocr_line' id='line_1_17' title="bbox 706 1607 3039 1670; baseline 0 -8"><span class='ocrx_word' id='word_1_155' title='bbox 706 1608 917 1663; x_wconf 85' lang='lat' dir='ltr'><strong>adnott.</strong></span> <span class='ocrx_word' id='word_1_156' title='bbox 956 1608 1024 1662; x_wconf 90' lang='lat' dir='ltr'><strong>ad</strong></span> <span class='ocrx_word' id='word_1_157' title='bbox 1050 1610 1181 1662; x_wconf 88' lang='lat' dir='ltr'><strong>Aen.</strong></span> <span class='ocrx_word' id='word_1_158' title='bbox 1217 1608 1318 1669; x_wconf 90' lang='lat'><strong>111,</strong></span> <span class='ocrx_word' id='word_1_159' title='bbox 1352 1611 1505 1670; x_wconf 82' lang='lat'><strong>187.)‚</strong></span> <span class='ocrx_word' id='word_1_160' title='bbox 1544 1607 1706 1661; x_wconf 89' lang='lat' dir='ltr'><strong>immo</strong></span> <span class='ocrx_word' id='word_1_161' title='bbox 1741 1612 2011 1662; x_wconf 77' lang='lat' dir='ltr'><strong>sententia</strong></span> <span class='ocrx_word' id='word_1_162' title='bbox 2044 1607 2175 1663; x_wconf 87' lang='lat' dir='ltr'><strong>haec</strong></span> <span class='ocrx_word' id='word_1_163' title='bbox 2211 1612 2319 1663; x_wconf 86' lang='lat' dir='ltr'><strong>est:</strong></span> <span class='ocrx_word' id='word_1_164' title='bbox 2361 1610 2528 1663; x_wconf 82' lang='lat' dir='ltr'><strong>etiam</strong></span> <span class='ocrx_word' id='word_1_165' title='bbox 2552 1627 2720 1662; x_wconf 73' lang='lat' dir='ltr'><strong>nune</strong></span> <span class='ocrx_word' id='word_1_166' title='bbox 2743 1624 2880 1661; x_wconf 81' lang='lat' dir='ltr'><strong>nova</strong></span> <span class='ocrx_word' id='word_1_167' title='bbox 2901 1612 3039 1666; x_wconf 86' lang='lat' dir='ltr'><strong>sata.</strong></span> 
     </span>
     <span class='ocr_line' id='line_1_18' title="bbox 705 1675 3041 1744; baseline -0.001 -13"><span class='ocrx_word' id='word_1_168' title='bbox 705 1692 872 1731; x_wconf 85' lang='lat' dir='ltr'><strong>novae</strong></span> <span class='ocrx_word' id='word_1_169' title='bbox 912 1675 1131 1730; x_wconf 81' lang='lat' dir='ltr'><strong>frondes</strong></span> <span class='ocrx_word' id='word_1_170' title='bbox 1175 1676 1315 1729; x_wconf 88' lang='lat' dir='ltr'><strong>hunc</strong></span> <span class='ocrx_word' id='word_1_171' title='bbox 1358 1675 1597 1730; x_wconf 83' lang='lat' dir='ltr'><strong>laborem</strong></span> <span class='ocrx_word' id='word_1_172' title='bbox 1643 1691 1749 1728; x_wconf 92' lang='lat' dir='ltr'><strong>non</strong></span> <span class='ocrx_word' id='word_1_173' title='bbox 1793 1679 2014 1744; x_wconf 87' lang='lat' dir='ltr'><strong>possent</strong></span> <span class='ocrx_word' id='word_1_174' title='bbox 2059 1677 2319 1744; x_wconf 82' lang='lat' dir='ltr'><strong>perferre,</strong></span> <span class='ocrx_word' id='word_1_175' title='bbox 2381 1676 2489 1730; x_wconf 90' lang='lat' dir='ltr'><strong>nisi</strong></span> <span class='ocrx_word' id='word_1_176' title='bbox 2533 1693 2625 1730; x_wconf 85' lang='lat' dir='ltr'><strong>ver</strong></span> <span class='ocrx_word' id='word_1_177' title='bbox 2670 1675 3041 1730; x_wconf 85' lang='lat' dir='ltr'><strong>intercederet.</strong></span> 
     </span>
     <span class='ocr_line' id='line_1_19' title="bbox 704 1742 3043 1824; baseline -0 -26"><span class='ocrx_word' id='word_1_178' title='bbox 704 1745 961 1799; x_wconf 81' lang='lat' dir='ltr'><strong>Imitatur</strong></span> <span class='ocrx_word' id='word_1_179' title='bbox 994 1747 1177 1799; x_wconf 86' lang='lat' dir='ltr'><strong>autem</strong></span> <span class='ocrx_word' id='word_1_180' title='bbox 1211 1747 1371 1822; x_wconf 69' lang='lat' dir='ltr'><strong>poeta</strong></span> <span class='ocrx_word' id='word_1_181' title='bbox 1414 1747 1492 1822; x_wconf 49' lang='lat' dir='ltr'><strong>et·</strong></span> <span class='ocrx_word' id='word_1_182' title='bbox 1514 1742 1602 1822; x_wconf 59' lang='lat' dir='ltr'><strong>liic</strong></span> <span class='ocrx_word' id='word_1_183' title='bbox 1639 1742 1947 1823; x_wconf 77' lang='lat' dir='ltr'><strong>Lucretium</strong></span> <span class='ocrx_word' id='word_1_184' title='bbox 1993 1744 2038 1807; x_wconf 91' lang='lat' dir='ltr'><strong>I,</strong></span> <span class='ocrx_word' id='word_1_185' title='bbox 2093 1747 2186 1798; x_wconf 89' lang='grc'><strong>179</strong></span> <span class='ocrx_word' id='word_1_186' title='bbox 2233 1762 2311 1814; x_wconf 89' lang='lat' dir='ltr'><strong>sq.</strong></span> <span class='ocrx_word' id='word_1_187' title='bbox 2357 1752 2409 1824; x_wconf 68' lang='lat' dir='ltr'><strong>et</strong></span> <span class='ocrx_word' id='word_1_188' title='bbox 2451 1744 2645 1823; x_wconf 66' lang='lat' dir='ltr'><strong>vieida</strong></span> <span class='ocrx_word' id='word_1_189' title='bbox 2693 1743 2854 1823; x_wconf 66' lang='lat' dir='ltr'><strong>tellus</strong></span> <span class='ocrx_word' id='word_1_190' title='bbox 2900 1743 3043 1797; x_wconf 77' lang='lat' dir='ltr'><strong>Tuto</strong></span> 
     </span>
     <span class='ocr_line' id='line_1_20' title="bbox 702 1811 3042 1959; baseline -0.001 -25"><span class='ocrx_word' id='word_1_191' title='bbox 702 1830 792 1934; x_wconf 66' lang='lat'><strong>331¹</strong></span> <span class='ocrx_word' id='word_1_192' title='bbox 825 1820 1088 1933; x_wconf 54' lang='grc' dir='ltr'><strong>’ἑῗῖωω</strong></span> <span class='ocrx_word' id='word_1_193' title='bbox 1073 1811 3042 1959; x_wconf 44' lang='grc' dir='ltr'><strong>Ἠᾶἑῖῗῖἴᾶἒαέἓῗ’232ῗέ222ῗῗ232ᾜ26ῐ32ἷὲὲ2Θῗᾚὲέιψᾱέὲᾶῖ</strong></span> 
     </span>
     <span class='ocr_line' id='line_1_21' title="bbox 702 1945 3044 2017; baseline -0 -15"><span class='ocrx_word' id='word_1_194' title='bbox 702 1947 791 2012; x_wconf 89' lang='lat' dir='ltr'><strong>Vl,</strong></span> <span class='ocrx_word' id='word_1_195' title='bbox 827 1952 911 2001; x_wconf 92' lang='grc'><strong>34.</strong></span> <span class='ocrx_word' id='word_1_196' title='bbox 959 1980 1024 1988; x_wconf 89' lang='grc'>-</span> <span class='ocrx_word' id='word_1_197' title='bbox 1063 1950 1383 2017; x_wconf 79' lang='lat' dir='ltr'><strong>perferre</strong></span> <span class='ocrx_word' id='word_1_198' title='bbox 1415 1945 1725 2000; x_wconf 83' lang='lat' dir='ltr'><strong>laborem.</strong></span> <span class='ocrx_word' id='word_1_199' title='bbox 1770 1947 1955 2001; x_wconf 74' lang='lat' dir='ltr'><strong>Heme.</strong></span> <span class='ocrx_word' id='word_1_200' title='bbox 1992 1950 2178 2001; x_wconf 84' lang='lat' dir='ltr'><strong>tuetur</strong></span> <span class='ocrx_word' id='word_1_201' title='bbox 2213 1947 2343 2001; x_wconf 91' lang='lat' dir='ltr'><strong>Cod.</strong></span> <span class='ocrx_word' id='word_1_202' title='bbox 2382 1947 2525 2003; x_wconf 88' lang='lat' dir='ltr'><strong>Med.</strong></span> <span class='ocrx_word' id='word_1_203' title='bbox 2565 1964 2599 2002; x_wconf 88' lang='lat' dir='ltr'><strong>a</strong></span> <span class='ocrx_word' id='word_1_204' title='bbox 2632 1965 2700 2002; x_wconf 90' lang='lat' dir='ltr'><strong>m.</strong></span> <span class='ocrx_word' id='word_1_205' title='bbox 2738 1964 2821 2017; x_wconf 89' lang='lat' dir='ltr'><strong>pr.</strong></span> <span class='ocrx_word' id='word_1_206' title='bbox 2862 1948 3044 2002; x_wconf 90' lang='lat' dir='ltr'><strong>lectio·</strong></span> 
     </span>
     <span class='ocr_line' id='line_1_22' title="bbox 704 2014 3043 2087; baseline -0 -18"><span class='ocrx_word' id='word_1_207' title='bbox 704 2032 827 2070; x_wconf 89' lang='lat' dir='ltr'><strong>nem</strong></span> <span class='ocrx_word' id='word_1_208' title='bbox 871 2018 1125 2087; x_wconf 72' lang='lat' dir='ltr'><strong>sufferre,</strong></span> <span class='ocrx_word' id='word_1_209' title='bbox 1186 2014 1305 2068; x_wconf 87' lang='lat' dir='ltr'><strong>coll.</strong></span> <span class='ocrx_word' id='word_1_210' title='bbox 1362 2014 1494 2069; x_wconf 88' lang='lat' dir='ltr'><strong>Aen.</strong></span> <span class='ocrx_word' id='word_1_211' title='bbox 1549 2014 1622 2075; x_wconf 86' lang='lat'><strong>11,</strong></span> <span class='ocrx_word' id='word_1_212' title='bbox 1668 2017 1788 2069; x_wconf 89' lang='grc'><strong>492.</strong></span> <span class='ocrx_word' id='word_1_213' title='bbox 1852 2014 2035 2069; x_wconf 88' lang='lat' dir='ltr'><strong>Plaut.</strong></span> <span class='ocrx_word' id='word_1_214' title='bbox 2069 2014 2228 2070; x_wconf 89' lang='lat' dir='ltr'><strong>Poen.</strong></span> <span class='ocrx_word' id='word_1_215' title='bbox 2266 2015 2361 2071; x_wconf 87' lang='lat' dir='ltr'><strong>IV.</strong></span> <span class='ocrx_word' id='word_1_216' title='bbox 2402 2020 2451 2076; x_wconf 84' lang='grc'><strong>2,</strong></span> <span class='ocrx_word' id='word_1_217' title='bbox 2490 2019 2575 2070; x_wconf 88' lang='grc'><strong>32.</strong></span> <span class='ocrx_word' id='word_1_218' title='bbox 2623 2015 2849 2086; x_wconf 85' lang='lat' dir='ltr'><strong>aliisque</strong></span> <span class='ocrx_word' id='word_1_219' title='bbox 2892 2014 3043 2070; x_wconf 86' lang='lat' dir='ltr'><strong>locis.</strong></span> 
     </span>
     <span class='ocr_line' id='line_1_23' title="bbox 701 2081 3045 2153; baseline 0 -17"><span class='ocrx_word' id='word_1_220' title='bbox 701 2082 886 2137; x_wconf 85' lang='lat' dir='ltr'><strong>Petita</strong></span> <span class='ocrx_word' id='word_1_221' title='bbox 922 2086 1102 2138; x_wconf 88' lang='lat' dir='ltr'><strong>autem</strong></span> <span class='ocrx_word' id='word_1_222' title='bbox 1142 2081 1271 2137; x_wconf 89' lang='lat' dir='ltr'><strong>haec</strong></span> <span class='ocrx_word' id='word_1_223' title='bbox 1307 2098 1369 2136; x_wconf 82' lang='lat' dir='ltr'><strong>ex</strong></span> <span class='ocrx_word' id='word_1_224' title='bbox 1402 2081 1557 2136; x_wconf 86' lang='lat' dir='ltr'><strong>Lucr.</strong></span> <span class='ocrx_word' id='word_1_225' title='bbox 1598 2082 1663 2147; x_wconf 89' lang='lat' dir='ltr'><strong>V,</strong></span> <span class='ocrx_word' id='word_1_226' title='bbox 1711 2085 1837 2136; x_wconf 87' lang='grc'><strong>1213</strong></span> <span class='ocrx_word' id='word_1_227' title='bbox 1877 2099 1993 2153; x_wconf 88' lang='lat' dir='ltr'><strong>sqq.</strong></span> <span class='ocrx_word' id='word_1_228' title='bbox 2056 2085 2249 2136; x_wconf 77' lang='lat' dir='ltr'><strong>Tentat</strong></span> <span class='ocrx_word' id='word_1_229' title='bbox 2284 2084 2511 2137; x_wconf 80' lang='lat' dir='ltr'><strong>dubiam</strong></span> <span class='ocrx_word' id='word_1_230' title='bbox 2547 2092 2771 2138; x_wconf 78' lang='lat' dir='ltr'><strong>mentem</strong></span> <span class='ocrx_word' id='word_1_231' title='bbox 2804 2083 3045 2137; x_wconf 76' lang='lat' dir='ltr'><strong>rationis</strong></span> 
     </span>
     <span class='ocr_line' id='line_1_24' title="bbox 702 2151 3044 2220; baseline 0 -15"><span class='ocrx_word' id='word_1_232' title='bbox 702 2158 909 2216; x_wconf 60' lang='lat' dir='ltr'><strong>mestas</strong></span> <span class='ocrx_word' id='word_1_233' title='bbox 941 2181 965 2192; x_wconf 92' lang='lat'>-</span> <span class='ocrx_word' id='word_1_234' title='bbox 1001 2181 1025 2192; x_wconf 92' lang='lat'>-</span> <span class='ocrx_word' id='word_1_235' title='bbox 1059 2167 1258 2220; x_wconf 80' lang='lat' dir='ltr'><strong>ecquae</strong></span> <span class='ocrx_word' id='word_1_236' title='bbox 1288 2151 1362 2204; x_wconf 77' lang='lat' dir='ltr'><strong>eit</strong></span> <span class='ocrx_word' id='word_1_237' title='bbox 1387 2151 1526 2218; x_wconf 71' lang='lat' dir='ltr'><strong>finis</strong></span> <span class='ocrx_word' id='word_1_238' title='bbox 1562 2151 1811 2212; x_wconf 87' lang='lat' dir='ltr'><strong>(mundi),</strong></span> <span class='ocrx_word' id='word_1_239' title='bbox 1847 2152 2036 2220; x_wconf 75' lang='lat' dir='ltr'><strong>quoad</strong></span> <span class='ocrx_word' id='word_1_240' title='bbox 2064 2152 2281 2205; x_wconf 82' lang='lat' dir='ltr'><strong>moenia</strong></span> <span class='ocrx_word' id='word_1_241' title='bbox 2313 2152 2513 2205; x_wconf 77' lang='lat' dir='ltr'><strong>mundi</strong></span> <span class='ocrx_word' id='word_1_242' title='bbox 2545 2182 2567 2193; x_wconf 93' lang='lat'><em>-</em></span> <span class='ocrx_word' id='word_1_243' title='bbox 2605 2181 2629 2192; x_wconf 93' lang='lat'>-</span> <span class='ocrx_word' id='word_1_244' title='bbox 2667 2152 2809 2205; x_wconf 75' lang='lat' dir='ltr'><strong>hunc</strong></span> <span class='ocrx_word' id='word_1_245' title='bbox 2873 2153 3044 2205; x_wconf 70' lang='lat' dir='ltr'><strong>ossint</strong></span> 
     </span>
     <span class='ocr_line' id='line_1_25' title="bbox 691 2217 3041 2288; baseline 0 -16"><span class='ocrx_word' id='word_1_246' title='bbox 691 2222 858 2288; x_wconf 81' lang='lat' dir='ltr'><strong>ferre</strong></span> <span class='ocrx_word' id='word_1_247' title='bbox 907 2218 1177 2285; x_wconf 65' lang='lat' dir='ltr'><strong>labos-evm</strong></span> <span class='ocrx_word' id='word_1_248' title='bbox 1235 2217 1376 2273; x_wconf 88' lang='lat' dir='ltr'><strong>unde</strong></span> <span class='ocrx_word' id='word_1_249' title='bbox 1432 2218 1598 2272; x_wconf 88' lang='lat' dir='ltr'><strong>etiam</strong></span> <span class='ocrx_word' id='word_1_250' title='bbox 1640 2221 1818 2288; x_wconf 85' lang='lat' dir='ltr'><strong>patet,</strong></span> <span class='ocrx_word' id='word_1_251' title='bbox 1884 2218 2145 2288; x_wconf 86' lang='lat' dir='ltr'><strong>quomodo</strong></span> <span class='ocrx_word' id='word_1_252' title='bbox 2188 2218 2274 2272; x_wconf 91' lang='lat' dir='ltr'><strong>hic</strong></span> <span class='ocrx_word' id='word_1_253' title='bbox 2315 2218 2466 2274; x_wconf 90' lang='lat' dir='ltr'><strong>locus</strong></span> <span class='ocrx_word' id='word_1_254' title='bbox 2517 2218 2800 2288; x_wconf 83' lang='lat' dir='ltr'><strong>intelligen</strong></span> <span class='ocrx_word' id='word_1_255' title='bbox 2840 2236 2903 2274; x_wconf 89' lang='lat' dir='ltr'><strong>us</strong></span> <span class='ocrx_word' id='word_1_256' title='bbox 2953 2220 3041 2273; x_wconf 91' lang='lat' dir='ltr'><strong>sit.</strong></span> 
     </span>
     <span class='ocr_line' id='line_1_26' title="bbox 702 2285 3041 2357; baseline -0 -17"><span class='ocrx_word' id='word_1_257' title='bbox 702 2287 894 2340; x_wconf 80' lang='lat' dir='ltr'><strong>Labor</strong></span> <span class='ocrx_word' id='word_1_258' title='bbox 930 2286 1018 2340; x_wconf 89' lang='lat' dir='ltr'><strong>hic</strong></span> <span class='ocrx_word' id='word_1_259' title='bbox 1051 2290 1108 2341; x_wconf 88' lang='lat' dir='ltr'><strong>et</strong></span> <span class='ocrx_word' id='word_1_260' title='bbox 1139 2285 1284 2340; x_wconf 86' lang='lat' dir='ltr'><strong>infra</strong></span> <span class='ocrx_word' id='word_1_261' title='bbox 1319 2303 1369 2340; x_wconf 83' lang='lat' dir='ltr'><strong>v.</strong></span> <span class='ocrx_word' id='word_1_262' title='bbox 1407 2289 1520 2338; x_wconf 87' lang='grc'><strong>372.</strong></span> <span class='ocrx_word' id='word_1_263' title='bbox 1559 2302 1740 2340; x_wconf 89' lang='lat' dir='ltr'><strong>omnes</strong></span> <span class='ocrx_word' id='word_1_264' title='bbox 1772 2286 2167 2340; x_wconf 85' lang='lat' dir='ltr'><strong>vicissitudines</strong></span> <span class='ocrx_word' id='word_1_265' title='bbox 2195 2290 2251 2341; x_wconf 90' lang='lat' dir='ltr'><strong>et</strong></span> <span class='ocrx_word' id='word_1_266' title='bbox 2275 2302 2561 2341; x_wconf 83' lang='lat' dir='ltr'><strong>aerumnas</strong></span> <span class='ocrx_word' id='word_1_267' title='bbox 2585 2286 2806 2349; x_wconf 86' lang='lat' dir='ltr'><strong>indicat,</strong></span> <span class='ocrx_word' id='word_1_268' title='bbox 2846 2288 3041 2357; x_wconf 81' lang='lat' dir='ltr'><strong>quibus</strong></span> 
     </span>
     <span class='ocr_line' id='line_1_27' title="bbox 704 2353 3041 2425; baseline 0 -17"><span class='ocrx_word' id='word_1_269' title='bbox 704 2356 817 2409; x_wconf 83' lang='lat' dir='ltr'><strong>vita</strong></span> <span class='ocrx_word' id='word_1_270' title='bbox 857 2354 1167 2423; x_wconf 84' lang='lat' dir='ltr'><strong>plantarum</strong></span> <span class='ocrx_word' id='word_1_271' title='bbox 1203 2371 1298 2424; x_wconf 87' lang='lat' dir='ltr'><strong>per</strong></span> <span class='ocrx_word' id='word_1_272' title='bbox 1331 2354 1438 2407; x_wconf 80' lang='lat' dir='ltr'><strong>vim</strong></span> <span class='ocrx_word' id='word_1_273' title='bbox 1477 2353 1694 2420; x_wconf 74' lang='lat' dir='ltr'><strong>frigoris</strong></span> <span class='ocrx_word' id='word_1_274' title='bbox 1731 2361 2019 2423; x_wconf 88' lang='lat' dir='ltr'><strong>aestusque</strong></span> <span class='ocrx_word' id='word_1_275' title='bbox 2054 2360 2110 2408; x_wconf 88' lang='lat' dir='ltr'><strong>et</strong></span> <span class='ocrx_word' id='word_1_276' title='bbox 2146 2354 2254 2408; x_wconf 82' lang='lat' dir='ltr'><strong>alia</strong></span> <span class='ocrx_word' id='word_1_277' title='bbox 2288 2355 2626 2409; x_wconf 85' lang='lat' dir='ltr'><strong>incommoda</strong></span> <span class='ocrx_word' id='word_1_278' title='bbox 2660 2360 2744 2409; x_wconf 87' lang='lat' dir='ltr'><strong>est</strong></span> <span class='ocrx_word' id='word_1_279' title='bbox 2779 2356 3041 2425; x_wconf 89' lang='lat' dir='ltr'><strong>opposita.</strong></span> 
     </span>
     <span class='ocr_line' id='line_1_28' title="bbox 704 2421 3040 2492; baseline -0 -15"><span class='ocrx_word' id='word_1_280' title='bbox 704 2422 807 2488; x_wconf 78' lang='lat' dir='ltr'><strong>(Cf.</strong></span> <span class='ocrx_word' id='word_1_281' title='bbox 845 2423 988 2477; x_wconf 86' lang='lat' dir='ltr'><strong>infra</strong></span> <span class='ocrx_word' id='word_1_282' title='bbox 1022 2439 1075 2475; x_wconf 79' lang='lat' dir='ltr'><strong>v.</strong></span> <span class='ocrx_word' id='word_1_283' title='bbox 1112 2425 1253 2476; x_wconf 64' lang='grc'><strong>372.)</strong></span> <span class='ocrx_word' id='word_1_284' title='bbox 1311 2421 1508 2475; x_wconf 73' lang='lat' dir='ltr'><strong>Poetae</strong></span> <span class='ocrx_word' id='word_1_285' title='bbox 1554 2422 1693 2475; x_wconf 87' lang='lat' dir='ltr'><strong>enim</strong></span> <span class='ocrx_word' id='word_1_286' title='bbox 1740 2421 1805 2475; x_wconf 89' lang='lat' dir='ltr'><strong>de</strong></span> <span class='ocrx_word' id='word_1_287' title='bbox 1847 2423 2006 2476; x_wconf 88' lang='lat' dir='ltr'><strong>rebus</strong></span> <span class='ocrx_word' id='word_1_288' title='bbox 2039 2422 2351 2476; x_wconf 87' lang='lat' dir='ltr'><strong>inanimatis</strong></span> <span class='ocrx_word' id='word_1_289' title='bbox 2385 2426 2450 2475; x_wconf 87' lang='lat' dir='ltr'><strong>ut</strong></span> <span class='ocrx_word' id='word_1_290' title='bbox 2488 2423 2552 2477; x_wconf 90' lang='lat' dir='ltr'><strong>de</strong></span> <span class='ocrx_word' id='word_1_291' title='bbox 2588 2423 2841 2477; x_wconf 85' lang='lat' dir='ltr'><strong>animatis</strong></span> <span class='ocrx_word' id='word_1_292' title='bbox 2877 2423 3040 2492; x_wconf 90' lang='lat' dir='ltr'><strong>loqui,</strong></span> 
     </span>
     <span class='ocr_line' id='line_1_29' title="bbox 703 2488 3040 2561; baseline 0 -15"><span class='ocrx_word' id='word_1_293' title='bbox 703 2507 788 2546; x_wconf 87' lang='lat' dir='ltr'><strong>res</strong></span> <span class='ocrx_word' id='word_1_294' title='bbox 814 2490 1114 2546; x_wconf 84' lang='lat' dir='ltr'><strong>notissima.</strong></span> <span class='ocrx_word' id='word_1_295' title='bbox 1151 2489 1272 2545; x_wconf 87' lang='lat' dir='ltr'><strong>Vid.</strong></span> <span class='ocrx_word' id='word_1_296' title='bbox 1302 2505 1466 2561; x_wconf 88' lang='lat' dir='ltr'><strong>supra</strong></span> <span class='ocrx_word' id='word_1_297' title='bbox 1500 2506 1551 2543; x_wconf 91' lang='lat' dir='ltr'><strong>v.</strong></span> <span class='ocrx_word' id='word_1_298' title='bbox 1574 2492 1691 2543; x_wconf 83' lang='lat'><strong>215.</strong></span> <span class='ocrx_word' id='word_1_299' title='bbox 1718 2522 1784 2530; x_wconf 87' lang='lat'><strong>--</strong></span> <span class='ocrx_word' id='word_1_300' title='bbox 1823 2488 1950 2551; x_wconf 71' lang='lat'><strong>344.</strong></span> <span class='ocrx_word' id='word_1_301' title='bbox 1993 2492 2193 2560; x_wconf 74' lang='lat' dir='ltr'><strong>quies,</strong></span> <span class='ocrx_word' id='word_1_302' title='bbox 2229 2491 2487 2561; x_wconf 88' lang='lat' dir='ltr'><strong>temporis</strong></span> <span class='ocrx_word' id='word_1_303' title='bbox 2516 2509 2556 2546; x_wconf 83' lang='grc'><strong>3.</strong></span> <span class='ocrx_word' id='word_1_304' title='bbox 2597 2491 2736 2546; x_wconf 87' lang='lat' dir='ltr'><strong>veris</strong></span> <span class='ocrx_word' id='word_1_305' title='bbox 2762 2491 3040 2546; x_wconf 87' lang='lat' dir='ltr'><strong>moderata</strong></span> 
     </span>
     <span class='ocr_line' id='line_1_30' title="bbox 705 2558 3040 2640; baseline -0 -27"><span class='ocrx_word' id='word_1_306' title='bbox 705 2576 748 2613; x_wconf 87' lang='lat' dir='ltr'><strong>s.</strong></span> <span class='ocrx_word' id='word_1_307' title='bbox 788 2560 965 2640; x_wconf 85' lang='lat' dir='ltr'><strong>ipsum</strong></span> <span class='ocrx_word' id='word_1_308' title='bbox 999 2575 1110 2623; x_wconf 79' lang='lat' dir='ltr'><strong>ver,</strong></span> <span class='ocrx_word' id='word_1_309' title='bbox 1148 2559 1203 2612; x_wconf 90' lang='lat' dir='ltr'><strong>in</strong></span> <span class='ocrx_word' id='word_1_310' title='bbox 1241 2575 1346 2628; x_wconf 88' lang='lat' dir='ltr'><strong>quo</strong></span> <span class='ocrx_word' id='word_1_311' title='bbox 1383 2558 1550 2628; x_wconf 84' lang='lat' dir='ltr'><strong>quies,</strong></span> <span class='ocrx_word' id='word_1_312' title='bbox 1598 2559 1858 2612; x_wconf 84' lang='lat' dir='ltr'><strong>securitas</strong></span> <span class='ocrx_word' id='word_1_313' title='bbox 1894 2561 1979 2612; x_wconf 89' lang='lat' dir='ltr'><strong>est</strong></span> <span class='ocrx_word' id='word_1_314' title='bbox 2011 2575 2044 2613; x_wconf 90' lang='lat' dir='ltr'><strong>a</strong></span> <span class='ocrx_word' id='word_1_315' title='bbox 2077 2559 2274 2627; x_wconf 85' lang='lat' dir='ltr'><strong>frigore</strong></span> <span class='ocrx_word' id='word_1_316' title='bbox 2316 2560 2524 2628; x_wconf 88' lang='lat' dir='ltr'><strong>pariter</strong></span> <span class='ocrx_word' id='word_1_317' title='bbox 2560 2564 2724 2629; x_wconf 89' lang='lat' dir='ltr'><strong>atque</strong></span> <span class='ocrx_word' id='word_1_318' title='bbox 2757 2560 2828 2613; x_wconf 85' lang='lat' dir='ltr'><strong>ab</strong></span> <span class='ocrx_word' id='word_1_319' title='bbox 2864 2564 3040 2614; x_wconf 87' lang='lat' dir='ltr'><strong>aestu.</strong></span> 
     </span>
     <span class='ocr_line' id='line_1_31' title="bbox 703 2625 3037 2695; baseline 0 -15"><span class='ocrx_word' id='word_1_320' title='bbox 703 2659 768 2666; x_wconf 93' lang='grc'><strong>-</strong></span> <span class='ocrx_word' id='word_1_321' title='bbox 806 2636 959 2693; x_wconf 72' lang='lat' dir='ltr'><strong>tret,</strong></span> <span class='ocrx_word' id='word_1_322' title='bbox 1008 2632 1167 2687; x_wconf 86' lang='lat' dir='ltr'><strong>esset,</strong></span> <span class='ocrx_word' id='word_1_323' title='bbox 1213 2626 1298 2680; x_wconf 72' lang='lat' dir='ltr'><strong>vel</strong></span> <span class='ocrx_word' id='word_1_324' title='bbox 1345 2626 1525 2695; x_wconf 89' lang='lat' dir='ltr'><strong>potius</strong></span> <span class='ocrx_word' id='word_1_325' title='bbox 1560 2625 1804 2687; x_wconf 85' lang='lat' dir='ltr'><strong>duraret;</strong></span> <span class='ocrx_word' id='word_1_326' title='bbox 1854 2627 2020 2680; x_wconf 86' lang='lat' dir='ltr'><strong>iterat</strong></span> <span class='ocrx_word' id='word_1_327' title='bbox 2052 2627 2192 2680; x_wconf 78' lang='lat' dir='ltr'><strong>enirn</strong></span> <span class='ocrx_word' id='word_1_328' title='bbox 2228 2627 2329 2679; x_wconf 90' lang='lat' dir='ltr'><strong>boc</strong></span> <span class='ocrx_word' id='word_1_329' title='bbox 2360 2628 2584 2682; x_wconf 84' lang='lat' dir='ltr'><strong>verbum</strong></span> <span class='ocrx_word' id='word_1_330' title='bbox 2619 2628 2890 2681; x_wconf 86' lang='lat' dir='ltr'><strong>notionem</strong></span> <span class='ocrx_word' id='word_1_331' title='bbox 2924 2644 3037 2680; x_wconf 84' lang='lat' dir='ltr'><strong>voc.</strong></span> 
     </span>
     <span class='ocr_line' id='line_1_32' title="bbox 704 2693 3040 2765; baseline -0 -16"><span class='ocrx_word' id='word_1_332' title='bbox 704 2697 907 2749; x_wconf 67' lang='lat' dir='ltr'><strong>tenoris</strong></span> <span class='ocrx_word' id='word_1_333' title='bbox 938 2711 989 2748; x_wconf 74' lang='lat' dir='ltr'><strong>v.</strong></span> <span class='ocrx_word' id='word_1_334' title='bbox 1028 2697 1146 2747; x_wconf 84' lang='lat'><strong>337.</strong></span> <span class='ocrx_word' id='word_1_335' title='bbox 1209 2725 1273 2734; x_wconf 93' lang='lat'><strong>—</strong></span> <span class='ocrx_word' id='word_1_336' title='bbox 1335 2694 1762 2762; x_wconf 77' lang='lat' dir='ltr'><strong>caloremque.</strong></span> <span class='ocrx_word' id='word_1_337' title='bbox 1824 2693 2082 2761; x_wconf 83' lang='lat' dir='ltr'><strong>Copulam</strong></span> <span class='ocrx_word' id='word_1_338' title='bbox 2126 2712 2228 2763; x_wconf 76' lang='lat' dir='ltr'><strong>que</strong></span> <span class='ocrx_word' id='word_1_339' title='bbox 2261 2694 2406 2748; x_wconf 86' lang='lat' dir='ltr'><strong>haud</strong></span> <span class='ocrx_word' id='word_1_340' title='bbox 2442 2711 2564 2749; x_wconf 88' lang='lat' dir='ltr'><strong>raro</strong></span> <span class='ocrx_word' id='word_1_341' title='bbox 2601 2712 2812 2750; x_wconf 86' lang='lat' dir='ltr'><strong>versum</strong></span> <span class='ocrx_word' id='word_1_342' title='bbox 2848 2694 3040 2765; x_wconf 80' lang='lat' dir='ltr'><strong>hyper·</strong></span> 
     </span>
     <span class='ocr_line' id='line_1_33' title="bbox 704 2761 3038 2827; baseline 0 -11"><span class='ocrx_word' id='word_1_343' title='bbox 704 2766 937 2817; x_wconf 86' lang='lat' dir='ltr'><strong>metrum</strong></span> <span class='ocrx_word' id='word_1_344' title='bbox 975 2762 1210 2824; x_wconf 81' lang='lat' dir='ltr'><strong>efficere,</strong></span> <span class='ocrx_word' id='word_1_345' title='bbox 1266 2762 1401 2815; x_wconf 87' lang='lat' dir='ltr'><strong>satis</strong></span> <span class='ocrx_word' id='word_1_346' title='bbox 1438 2765 1644 2815; x_wconf 82' lang='lat' dir='ltr'><strong>notum.</strong></span> <span class='ocrx_word' id='word_1_347' title='bbox 1715 2763 1799 2814; x_wconf 84' lang='lat' dir='ltr'><strong>Cf.</strong></span> <span class='ocrx_word' id='word_1_348' title='bbox 1843 2761 1984 2815; x_wconf 83' lang='lat' dir='ltr'><strong>infra</strong></span> <span class='ocrx_word' id='word_1_349' title='bbox 2017 2778 2068 2815; x_wconf 87' lang='lat' dir='ltr'><strong>v.</strong></span> <span class='ocrx_word' id='word_1_350' title='bbox 2106 2766 2224 2815; x_wconf 79' lang='grc'><strong>445.</strong></span> <span class='ocrx_word' id='word_1_351' title='bbox 2261 2761 2359 2821; x_wconf 88' lang='lat'><strong>111,</strong></span> <span class='ocrx_word' id='word_1_352' title='bbox 2400 2765 2518 2816; x_wconf 88' lang='grc'><strong>242.</strong></span> <span class='ocrx_word' id='word_1_353' title='bbox 2556 2763 2688 2817; x_wconf 89' lang='lat' dir='ltr'><strong>Aen.</strong></span> <span class='ocrx_word' id='word_1_354' title='bbox 2722 2763 2768 2827; x_wconf 89' lang='grc' dir='ltr'><strong>Ι,</strong></span> <span class='ocrx_word' id='word_1_355' title='bbox 2809 2765 2926 2816; x_wconf 87' lang='grc'><strong>332.</strong></span> <span class='ocrx_word' id='word_1_356' title='bbox 2965 2762 3038 2824; x_wconf 86' lang='lat'><strong>11,</strong></span> 
     </span>
     <span class='ocr_line' id='line_1_34' title="bbox 704 2829 3039 2898; baseline 0 -15"><span class='ocrx_word' id='word_1_357' title='bbox 704 2834 817 2884; x_wconf 88' lang='grc'><strong>745,</strong></span> <span class='ocrx_word' id='word_1_358' title='bbox 858 2830 953 2891; x_wconf 90' lang='lat' dir='ltr'><strong>IV,</strong></span> <span class='ocrx_word' id='word_1_359' title='bbox 990 2832 1106 2884; x_wconf 83' lang='lat'><strong>558.</strong></span> <span class='ocrx_word' id='word_1_360' title='bbox 1144 2829 1206 2891; x_wconf 87' lang='lat' dir='ltr'><strong>V,</strong></span> <span class='ocrx_word' id='word_1_361' title='bbox 1248 2833 1363 2884; x_wconf 79' lang='grc'><strong>753.</strong></span> <span class='ocrx_word' id='word_1_362' title='bbox 1401 2829 1494 2891; x_wconf 86' lang='lat' dir='ltr'><strong>IX,</strong></span> <span class='ocrx_word' id='word_1_363' title='bbox 1535 2832 1649 2882; x_wconf 87' lang='grc'><strong>650.</strong></span> <span class='ocrx_word' id='word_1_364' title='bbox 1698 2829 1763 2891; x_wconf 82' lang='lat' dir='ltr'><strong>X,</strong></span> <span class='ocrx_word' id='word_1_365' title='bbox 1812 2832 1929 2882; x_wconf 82' lang='grc'><strong>895.</strong></span> <span class='ocrx_word' id='word_1_366' title='bbox 1977 2832 2104 2883; x_wconf 88' lang='lat' dir='ltr'><strong>cett.</strong></span> <span class='ocrx_word' id='word_1_367' title='bbox 2150 2834 2204 2883; x_wconf 87' lang='lat' dir='ltr'><strong>et</strong></span> <span class='ocrx_word' id='word_1_368' title='bbox 2250 2846 2386 2898; x_wconf 90' lang='lat' dir='ltr'><strong>quae</strong></span> <span class='ocrx_word' id='word_1_369' title='bbox 2432 2829 2498 2884; x_wconf 89' lang='lat' dir='ltr'><strong>ad</strong></span> <span class='ocrx_word' id='word_1_370' title='bbox 2548 2830 2677 2886; x_wconf 75' lang='lat' dir='ltr'><strong>Geo,</strong></span> <span class='ocrx_word' id='word_1_371' title='bbox 2720 2831 2765 2892; x_wconf 85' lang='grc' dir='ltr'><strong>Ι,</strong></span> <span class='ocrx_word' id='word_1_372' title='bbox 2821 2834 2939 2885; x_wconf 86' lang='grc'><strong>295.</strong></span> <span class='ocrx_word' id='word_1_373' title='bbox 2985 2836 3039 2885; x_wconf 89' lang='lat' dir='ltr'><strong>et</strong></span> 
     </span>
     <span class='ocr_line' id='line_1_35' title="bbox 702 2896 3037 2967; baseline -0 -15"><span class='ocrx_word' id='word_1_374' title='bbox 702 2913 869 2967; x_wconf 88' lang='lat' dir='ltr'><strong>supra</strong></span> <span class='ocrx_word' id='word_1_375' title='bbox 901 2897 972 2951; x_wconf 90' lang='lat' dir='ltr'><strong>ad</strong></span> <span class='ocrx_word' id='word_1_376' title='bbox 1006 2913 1057 2951; x_wconf 79' lang='lat' dir='ltr'><strong>v,</strong></span> <span class='ocrx_word' id='word_1_377' title='bbox 1095 2901 1178 2951; x_wconf 88' lang='grc'><strong>69.</strong></span> <span class='ocrx_word' id='word_1_378' title='bbox 1214 2897 1607 2952; x_wconf 83' lang='lat' dir='ltr'><strong>adnotavimus.</strong></span> <span class='ocrx_word' id='word_1_379' title='bbox 1666 2896 1860 2950; x_wconf 86' lang='lat' dir='ltr'><strong>Nescio</strong></span> <span class='ocrx_word' id='word_1_380' title='bbox 1905 2897 2095 2965; x_wconf 82' lang='lat' dir='ltr'><strong>igitur.</strong></span> <span class='ocrx_word' id='word_1_381' title='bbox 2150 2914 2251 2967; x_wconf 91' lang='lat' dir='ltr'><strong>quo</strong></span> <span class='ocrx_word' id='word_1_382' title='bbox 2288 2897 2403 2951; x_wconf 84' lang='lat' dir='ltr'><strong>inre</strong></span> <span class='ocrx_word' id='word_1_383' title='bbox 2435 2898 2693 2953; x_wconf 86' lang='lat' dir='ltr'><strong>Ribbeck.</strong></span> <span class='ocrx_word' id='word_1_384' title='bbox 2730 2899 2784 2951; x_wconf 90' lang='lat' dir='ltr'><strong>in</strong></span> <span class='ocrx_word' id='word_1_385' title='bbox 2825 2898 3037 2965; x_wconf 76' lang='lat' dir='ltr'><strong>Proleg.</strong></span> 
     </span>
    </p>

    <p class='ocr_par' dir='ltr' id='par_1_7' title="bbox 699 2963 3038 3577">
     <span class='ocr_line' id='line_1_36' title="bbox 743 2963 3037 3035; baseline -0.001 -16"><span class='ocrx_word' id='word_1_386' title='bbox 743 3010 753 3019; x_wconf 91' lang='lat'><strong>.</strong></span> <span class='ocrx_word' id='word_1_387' title='bbox 791 2969 874 3020; x_wconf 89' lang='grc'><strong>30.</strong></span> <span class='ocrx_word' id='word_1_388' title='bbox 910 2968 966 3020; x_wconf 90' lang='lat' dir='ltr'><strong>et</strong></span> <span class='ocrx_word' id='word_1_389' title='bbox 1005 2968 1120 3019; x_wconf 90' lang='grc'><strong>211.</strong></span> <span class='ocrx_word' id='word_1_390' title='bbox 1159 2964 1465 3024; x_wconf 79' lang='lat' dir='ltr'><strong>contendat,</strong></span> <span class='ocrx_word' id='word_1_391' title='bbox 1503 2963 1668 3017; x_wconf 90' lang='lat' dir='ltr'><strong>Codd.</strong></span> <span class='ocrx_word' id='word_1_392' title='bbox 1707 2964 1850 3018; x_wconf 83' lang='lat' dir='ltr'><strong>Med.</strong></span> <span class='ocrx_word' id='word_1_393' title='bbox 1891 2968 1948 3018; x_wconf 87' lang='lat' dir='ltr'><strong>et</strong></span> <span class='ocrx_word' id='word_1_394' title='bbox 1989 2964 2137 3018; x_wconf 87' lang='lat' dir='ltr'><strong>Rom.</strong></span> <span class='ocrx_word' id='word_1_395' title='bbox 2184 2980 2290 3018; x_wconf 86' lang='lat' dir='ltr'><strong>una</strong></span> <span class='ocrx_word' id='word_1_396' title='bbox 2335 2981 2456 3018; x_wconf 87' lang='lat' dir='ltr'><strong>cum</strong></span> <span class='ocrx_word' id='word_1_397' title='bbox 2500 2966 2672 3020; x_wconf 90' lang='lat' dir='ltr'><strong>Nonio</strong></span> <span class='ocrx_word' id='word_1_398' title='bbox 2717 2983 2770 3035; x_wconf 90' lang='lat' dir='ltr'><strong>p.</strong></span> <span class='ocrx_word' id='word_1_399' title='bbox 2824 2969 2941 3028; x_wconf 84' lang='grc'><strong>200,</strong></span> <span class='ocrx_word' id='word_1_400' title='bbox 2988 2970 3037 3019; x_wconf 89' lang='lat'><strong>3.</strong></span> 
     </span>
     <span class='ocr_line' id='line_1_37' title="bbox 700 2981 3038 3103; baseline -0 -16"><span class='ocrx_word' id='word_1_401' title='bbox 700 2981 790 3087; x_wconf 61' lang='lat' dir='ltr'><strong>flio</strong></span> <span class='ocrx_word' id='word_1_402' title='bbox 825 3036 1226 3103; x_wconf 87' lang='lat' dir='ltr'><strong>repraesentare</strong></span> <span class='ocrx_word' id='word_1_403' title='bbox 1262 3031 1572 3087; x_wconf 89' lang='lat' dir='ltr'><strong>recentioris</strong></span> <span class='ocrx_word' id='word_1_404' title='bbox 1607 3033 1917 3086; x_wconf 80' lang='lat' dir='ltr'><strong>correctoris</strong></span> <span class='ocrx_word' id='word_1_405' title='bbox 1954 3048 2198 3091; x_wconf 83' lang='lat' dir='ltr'><strong>manum.</strong></span> <span class='ocrx_word' id='word_1_406' title='bbox 2261 3048 2551 3102; x_wconf 78' lang='lat' dir='ltr'><strong>veramque</strong></span> <span class='ocrx_word' id='word_1_407' title='bbox 2596 3033 2877 3087; x_wconf 87' lang='lat' dir='ltr'><strong>lectionem</strong></span> <span class='ocrx_word' id='word_1_408' title='bbox 2925 3050 3038 3087; x_wconf 85' lang='lat' dir='ltr'><strong>esse</strong></span> 
     </span>
     <span class='ocr_line' id='line_1_38' title="bbox 701 3097 3037 3171; baseline 0 -18"><span class='ocrx_word' id='word_1_409' title='bbox 701 3100 989 3170; x_wconf 76' lang='lat' dir='ltr'><strong>calorque,</strong></span> <span class='ocrx_word' id='word_1_410' title='bbox 1049 3117 1209 3171; x_wconf 89' lang='lat' dir='ltr'><strong>quam</strong></span> <span class='ocrx_word' id='word_1_411' title='bbox 1245 3099 1422 3154; x_wconf 90' lang='lat' dir='ltr'><strong>Palat.</strong></span> <span class='ocrx_word' id='word_1_412' title='bbox 1469 3097 1713 3154; x_wconf 84' lang='lat' dir='ltr'><strong>exhibeat</strong></span> <span class='ocrx_word' id='word_1_413' title='bbox 1749 3104 1803 3154; x_wconf 92' lang='lat' dir='ltr'><strong>et</strong></span> <span class='ocrx_word' id='word_1_414' title='bbox 1838 3098 2081 3167; x_wconf 74' lang='lat' dir='ltr'><strong>Philarg.</strong></span> <span class='ocrx_word' id='word_1_415' title='bbox 2125 3103 2370 3154; x_wconf 87' lang='lat' dir='ltr'><strong>tueatur.</strong></span> <span class='ocrx_word' id='word_1_416' title='bbox 2432 3105 2495 3154; x_wconf 88' lang='lat' dir='ltr'><strong>ut</strong></span> <span class='ocrx_word' id='word_1_417' title='bbox 2538 3104 2698 3155; x_wconf 83' lang='lat' dir='ltr'><strong>calor</strong></span> <span class='ocrx_word' id='word_1_418' title='bbox 2736 3103 2809 3154; x_wconf 82' lang='lat' dir='ltr'><strong>sit</strong></span> <span class='ocrx_word' id='word_1_419' title='bbox 2853 3102 3037 3154; x_wconf 88' lang='lat' dir='ltr'><strong>Subst.</strong></span> 
     </span>
     <span class='ocr_line' id='line_1_39' title="bbox 703 3166 3037 3247; baseline -0 -25"><span class='ocrx_word' id='word_1_420' title='bbox 703 3168 898 3223; x_wconf 89' lang='lat' dir='ltr'><strong>Neutr.</strong></span> <span class='ocrx_word' id='word_1_421' title='bbox 936 3168 1165 3237; x_wconf 77' lang='lat' dir='ltr'><strong>generis,</strong></span> <span class='ocrx_word' id='word_1_422' title='bbox 1212 3167 1659 3236; x_wconf 88' lang='lat' dir='ltr'><strong>quemadmodum</strong></span> <span class='ocrx_word' id='word_1_423' title='bbox 1699 3183 1786 3247; x_wconf 82' lang='lat' dir='ltr'><strong>ap.</strong></span> <span class='ocrx_word' id='word_1_424' title='bbox 1825 3166 2008 3221; x_wconf 85' lang='lat' dir='ltr'><strong>Plaut.</strong></span> <span class='ocrx_word' id='word_1_425' title='bbox 2049 3167 2210 3221; x_wconf 80' lang='lat' dir='ltr'><strong>Mero.</strong></span> <span class='ocrx_word' id='word_1_426' title='bbox 2247 3168 2311 3223; x_wconf 85' lang='lat' dir='ltr'><strong>V.</strong></span> <span class='ocrx_word' id='word_1_427' title='bbox 2351 3172 2398 3229; x_wconf 83' lang='grc'><strong>2,</strong></span> <span class='ocrx_word' id='word_1_428' title='bbox 2442 3176 2520 3223; x_wconf 83' lang='grc'><strong>19.</strong></span> <span class='ocrx_word' id='word_1_429' title='bbox 2580 3199 2649 3208; x_wconf 91' lang='lat'><em>-</em></span> <span class='ocrx_word' id='word_1_430' title='bbox 2707 3167 2835 3230; x_wconf 82' lang='lat'><strong>345.</strong></span> <span class='ocrx_word' id='word_1_431' title='bbox 2881 3170 3037 3235; x_wconf 69' lang='lat' dir='ltr'><strong>„Eoe-</strong></span> 
     </span>
     <span class='ocr_line' id='line_1_40' title="bbox 699 3235 3037 3373; baseline -0.001 -15"><span class='ocrx_word' id='word_1_432' title='bbox 699 3235 1824 3373; x_wconf 56' lang='lat' dir='ltr'><strong>3²35“2“.1;1⁰;⁶.?;”‘3322.:⁶⁸4.1q2‡31.532{</strong></span> <span class='ocrx_word' id='word_1_433' title='bbox 1856 3235 2488 3372; x_wconf 45' lang='lat'><strong>“235335310520322</strong></span> <span class='ocrx_word' id='word_1_434' title='bbox 2523 3236 2625 3359; x_wconf 53' lang='grc' dir='ltr'><strong>,ξι</strong></span> <span class='ocrx_word' id='word_1_435' title='bbox 2650 3237 3037 3359; x_wconf 45' lang='grc' dir='ltr'><strong>8233223ῗέθῆὲὲ</strong></span> 
     </span>
     <span class='ocr_line' id='line_1_41' title="bbox 699 3322 3034 3442; baseline -0 -17"><span class='ocrx_word' id='word_1_436' title='bbox 699 3371 819 3426; x_wconf 70' lang='lat' dir='ltr'><strong>mo:</strong></span> <span class='ocrx_word' id='word_1_437' title='bbox 881 3371 1047 3425; x_wconf 59' lang='lat' dir='ltr'><strong>azad</strong></span> <span class='ocrx_word' id='word_1_438' title='bbox 1081 3370 1277 3426; x_wconf 68' lang='lat' dir='ltr'><strong>haeum</strong></span> <span class='ocrx_word' id='word_1_439' title='bbox 1313 3388 1431 3424; x_wconf 70' lang='lat' dir='ltr'><strong>eum</strong></span> <span class='ocrx_word' id='word_1_440' title='bbox 1464 3371 1685 3440; x_wconf 72' lang='lat' dir='ltr'><strong>excepit.</strong></span> <span class='ocrx_word' id='word_1_441' title='bbox 1762 3370 1854 3425; x_wconf 76' lang='lat' dir='ltr'><strong>lta</strong></span> <span class='ocrx_word' id='word_1_442' title='bbox 1888 3370 2104 3426; x_wconf 80' lang='lat' dir='ltr'><strong>videtur</strong></span> <span class='ocrx_word' id='word_1_443' title='bbox 2138 3342 2193 3423; x_wconf 88' lang='lat' dir='ltr'><strong>h&#39;.</strong></span> <span class='ocrx_word' id='word_1_444' title='bbox 2233 3370 2273 3424; x_wconf 87' lang='lat' dir='ltr'><strong>l.</strong></span> <span class='ocrx_word' id='word_1_445' title='bbox 2311 3322 2534 3426; x_wconf 64' lang='lat' dir='ltr'><strong>dssmm.</strong></span> <span class='ocrx_word' id='word_1_446' title='bbox 2604 3372 2820 3442; x_wconf 81' lang='lat' dir='ltr'><strong>Alioqui</strong></span> <span class='ocrx_word' id='word_1_447' title='bbox 2860 3389 2921 3426; x_wconf 75' lang='lat' dir='ltr'><strong>ex</strong></span> <span class='ocrx_word' id='word_1_448' title='bbox 2957 3388 3034 3434; x_wconf 72' lang='lat'><strong>00,</strong></span> 
     </span>
     <span class='ocr_line' id='line_1_42' title="bbox 701 3438 3037 3511; baseline 0 -18"><span class='ocrx_word' id='word_1_449' title='bbox 701 3439 841 3509; x_wconf 88' lang='lat' dir='ltr'><strong>quod</strong></span> <span class='ocrx_word' id='word_1_450' title='bbox 876 3440 1000 3494; x_wconf 70' lang='lat' dir='ltr'><strong>cxci</strong></span> <span class='ocrx_word' id='word_1_451' title='bbox 1096 3456 1123 3492; x_wconf 85' lang='lat' dir='ltr'><strong>e</strong></span> <span class='ocrx_word' id='word_1_452' title='bbox 1156 3438 1385 3506; x_wconf 74' lang='lat' dir='ltr'><strong>benigne</strong></span> <span class='ocrx_word' id='word_1_453' title='bbox 1431 3438 1665 3507; x_wconf 87' lang='lat' dir='ltr'><strong>aliquem</strong></span> <span class='ocrx_word' id='word_1_454' title='bbox 1710 3441 1974 3501; x_wconf 81' lang='lat' dir='ltr'><strong>tractare,</strong></span> <span class='ocrx_word' id='word_1_455' title='bbox 2036 3438 2214 3493; x_wconf 80' lang='lat' dir='ltr'><strong>fovere</strong></span> <span class='ocrx_word' id='word_1_456' title='bbox 2256 3438 2532 3508; x_wconf 85' lang='lat' dir='ltr'><strong>designat,</strong></span> <span class='ocrx_word' id='word_1_457' title='bbox 2591 3441 2824 3511; x_wconf 87' lang='lat' dir='ltr'><strong>petitum</strong></span> <span class='ocrx_word' id='word_1_458' title='bbox 2867 3439 3037 3494; x_wconf 84' lang='lat' dir='ltr'><strong>videri</strong></span> 
     </span>
     <span class='ocr_line' id='line_1_43' title="bbox 700 3505 3033 3577; baseline 0 -16"><span class='ocrx_word' id='word_1_459' title='bbox 700 3507 896 3577; x_wconf 83' lang='lat' dir='ltr'><strong>possit,</strong></span> <span class='ocrx_word' id='word_1_460' title='bbox 945 3524 983 3562; x_wconf 88' lang='lat' dir='ltr'><strong>u</strong></span> <span class='ocrx_word' id='word_1_461' title='bbox 1048 3506 1266 3561; x_wconf 85' lang='lat' dir='ltr'><strong>Caelum</strong></span> <span class='ocrx_word' id='word_1_462' title='bbox 1308 3506 1544 3575; x_wconf 84' lang='lat' dir='ltr'><strong>excipere</strong></span> <span class='ocrx_word' id='word_1_463' title='bbox 1579 3506 1791 3559; x_wconf 88' lang='lat' dir='ltr'><strong>dicatur</strong></span> <span class='ocrx_word' id='word_1_464' title='bbox 1826 3505 2103 3561; x_wconf 83' lang='lat' dir='ltr'><strong>Terram.“</strong></span> <span class='ocrx_word' id='word_1_465' title='bbox 2162 3506 2338 3575; x_wconf 74' lang='lat' dir='ltr'><strong>Heyn.</strong></span> <span class='ocrx_word' id='word_1_466' title='bbox 2403 3507 2557 3561; x_wconf 86' lang='lat' dir='ltr'><strong>Hanc</strong></span> <span class='ocrx_word' id='word_1_467' title='bbox 2602 3509 2832 3563; x_wconf 87' lang='lat' dir='ltr'><strong>alteram</strong></span> <span class='ocrx_word' id='word_1_468' title='bbox 2868 3509 3033 3561; x_wconf 87' lang='lat' dir='ltr'><strong>inter-</strong></span> 
     </span>
    </p>

    <p class='ocr_par' dir='ltr' id='par_1_8' title="bbox 738 3573 3032 3645">
     <span class='ocr_line' id='line_1_44' title="bbox 738 3573 3032 3645; baseline 0 -17"><span class='ocrx_word' id='word_1_469' title='bbox 738 3574 1055 3630; x_wconf 84' lang='lat' dir='ltr'><strong>retationem</strong></span> <span class='ocrx_word' id='word_1_470' title='bbox 1103 3591 1221 3629; x_wconf 90' lang='lat' dir='ltr'><strong>cum</strong></span> <span class='ocrx_word' id='word_1_471' title='bbox 1267 3573 1536 3628; x_wconf 84' lang='lat' dir='ltr'><strong>Schirach.</strong></span> <span class='ocrx_word' id='word_1_472' title='bbox 1584 3591 1636 3643; x_wconf 90' lang='lat' dir='ltr'><strong>p.</strong></span> <span class='ocrx_word' id='word_1_473' title='bbox 1681 3577 1799 3626; x_wconf 87' lang='grc'><strong>402.</strong></span> <span class='ocrx_word' id='word_1_474' title='bbox 1850 3577 1905 3628; x_wconf 90' lang='lat' dir='ltr'><strong>et</strong></span> <span class='ocrx_word' id='word_1_475' title='bbox 1951 3574 2224 3627; x_wconf 86' lang='lat' dir='ltr'><strong>Wunderl.</strong></span> <span class='ocrx_word' id='word_1_476' title='bbox 2279 3591 2378 3641; x_wconf 74' lang='lat' dir='ltr'><strong>ego</strong></span> <span class='ocrx_word' id='word_1_477' title='bbox 2430 3591 2638 3645; x_wconf 86' lang='lat' dir='ltr'><strong>sequor.</strong></span> <span class='ocrx_word' id='word_1_478' title='bbox 2715 3576 2872 3629; x_wconf 61' lang='lat' dir='ltr'><strong>Vossu</strong></span> <span class='ocrx_word' id='word_1_479' title='bbox 2926 3575 3032 3641; x_wconf 86' lang='lat' dir='ltr'><strong>(cui</strong></span> 
     </span>
    </p>

    <p class='ocr_par' dir='ltr' id='par_1_9' title="bbox 694 3641 3031 4658">
     <span class='ocr_line' id='line_1_45' title="bbox 744 3641 3030 3712; baseline -0.001 -15"><span class='ocrx_word' id='word_1_480' title='bbox 744 3644 889 3711; x_wconf 84' lang='lat' dir='ltr'><strong>enin</strong></span> <span class='ocrx_word' id='word_1_481' title='bbox 966 3661 999 3696; x_wconf 90' lang='lat' dir='ltr'><strong>n</strong></span> <span class='ocrx_word' id='word_1_482' title='bbox 1036 3641 1340 3697; x_wconf 85' lang='lat' dir='ltr'><strong>adsentitur</strong></span> <span class='ocrx_word' id='word_1_483' title='bbox 1375 3641 1495 3695; x_wconf 87' lang='lat' dir='ltr'><strong>coll.</strong></span> <span class='ocrx_word' id='word_1_484' title='bbox 1531 3641 1712 3695; x_wconf 85' lang='lat' dir='ltr'><strong>Iuven.</strong></span> <span class='ocrx_word' id='word_1_485' title='bbox 1751 3641 1875 3701; x_wconf 88' lang='lat' dir='ltr'><strong>VII,</strong></span> <span class='ocrx_word' id='word_1_486' title='bbox 1921 3646 2083 3703; x_wconf 59' lang='lat'><strong>192),</strong></span> <span class='ocrx_word' id='word_1_487' title='bbox 2120 3641 2282 3696; x_wconf 85' lang='lat' dir='ltr'><strong>simili</strong></span> <span class='ocrx_word' id='word_1_488' title='bbox 2322 3643 2528 3697; x_wconf 89' lang='lat' dir='ltr'><strong>ratione</strong></span> <span class='ocrx_word' id='word_1_489' title='bbox 2563 3644 2643 3696; x_wconf 90' lang='lat' dir='ltr'><strong>ita</strong></span> <span class='ocrx_word' id='word_1_490' title='bbox 2683 3643 2931 3712; x_wconf 85' lang='lat' dir='ltr'><strong>explicat,</strong></span> <span class='ocrx_word' id='word_1_491' title='bbox 2969 3660 3030 3696; x_wconf 84' lang='lat' dir='ltr'><strong>ac</strong></span> 
     </span>
     <span class='ocr_line' id='line_1_46' title="bbox 698 3709 3030 3781; baseline -0 -16"><span class='ocrx_word' id='word_1_492' title='bbox 698 3711 747 3765; x_wconf 89' lang='lat' dir='ltr'><strong>si</strong></span> <span class='ocrx_word' id='word_1_493' title='bbox 780 3727 872 3766; x_wconf 84' lang='lat' dir='ltr'><strong>eae</strong></span> <span class='ocrx_word' id='word_1_494' title='bbox 895 3727 987 3765; x_wconf 79' lang='lat' dir='ltr'><strong>uni</strong></span> <span class='ocrx_word' id='word_1_495' title='bbox 1024 3715 1199 3765; x_wconf 83' lang='lat' dir='ltr'><strong>terras</strong></span> <span class='ocrx_word' id='word_1_496' title='bbox 1237 3714 1299 3764; x_wconf 89' lang='lat' dir='ltr'><strong>ut</strong></span> <span class='ocrx_word' id='word_1_497' title='bbox 1369 3725 1555 3763; x_wconf 88' lang='lat' dir='ltr'><strong>uerum</strong></span> <span class='ocrx_word' id='word_1_498' title='bbox 1593 3725 1774 3764; x_wconf 89' lang='lat' dir='ltr'><strong>recens</strong></span> <span class='ocrx_word' id='word_1_499' title='bbox 1807 3712 1995 3763; x_wconf 87' lang='lat' dir='ltr'><strong>natum</strong></span> <span class='ocrx_word' id='word_1_500' title='bbox 2026 3709 2315 3779; x_wconf 82' lang='lat' dir='ltr'><strong>exciperet.</strong></span> <span class='ocrx_word' id='word_1_501' title='bbox 2366 3710 2451 3764; x_wconf 87' lang='lat' dir='ltr'><strong>vel</strong></span> <span class='ocrx_word' id='word_1_502' title='bbox 2534 3711 2676 3765; x_wconf 89' lang='lat' dir='ltr'><strong>otius</strong></span> <span class='ocrx_word' id='word_1_503' title='bbox 2720 3712 3030 3781; x_wconf 85' lang='lat' dir='ltr'><strong>excepisset.</strong></span> 
     </span>
     <span class='ocr_line' id='line_1_47' title="bbox 699 3727 3030 3859; baseline -0 -26"><span class='ocrx_word' id='word_1_504' title='bbox 699 3779 894 3859; x_wconf 62' lang='lat' dir='ltr'><strong>Wagn.</strong></span> <span class='ocrx_word' id='word_1_505' title='bbox 929 3781 1114 3858; x_wconf 73' lang='lat' dir='ltr'><strong>autem</strong></span> <span class='ocrx_word' id='word_1_506' title='bbox 1150 3778 1203 3857; x_wconf 76' lang='lat' dir='ltr'><strong>in</strong></span> <span class='ocrx_word' id='word_1_507' title='bbox 1240 3728 1373 3857; x_wconf 57' lang='lat' dir='ltr'><strong>ediiJ</strong></span> <span class='ocrx_word' id='word_1_508' title='bbox 1410 3777 1541 3856; x_wconf 81' lang='lat' dir='ltr'><strong>min.</strong></span> <span class='ocrx_word' id='word_1_509' title='bbox 1576 3776 1707 3856; x_wconf 67' lang='lat' dir='ltr'><strong>baec</strong></span> <span class='ocrx_word' id='word_1_510' title='bbox 1744 3775 1994 3856; x_wconf 73' lang='lat' dir='ltr'><strong>adnotat:</strong></span> <span class='ocrx_word' id='word_1_511' title='bbox 2048 3777 2294 3848; x_wconf 59' lang='lat' dir='ltr'><strong>„exeipit</strong></span> <span class='ocrx_word' id='word_1_512' title='bbox 2330 3794 2416 3832; x_wconf 90' lang='lat' dir='ltr'><strong>me</strong></span> <span class='ocrx_word' id='word_1_513' title='bbox 2451 3727 2531 3832; x_wconf 56' lang='grc' dir='ltr'><strong>3111ι</strong></span> <span class='ocrx_word' id='word_1_514' title='bbox 2564 3779 2684 3834; x_wconf 90' lang='lat' dir='ltr'><strong>uid.</strong></span> <span class='ocrx_word' id='word_1_515' title='bbox 2737 3780 2771 3832; x_wconf 91' lang='lat' dir='ltr'><strong>i.</strong></span> <span class='ocrx_word' id='word_1_516' title='bbox 2810 3798 2857 3832; x_wconf 90' lang='lat' dir='ltr'><strong>e.</strong></span> <span class='ocrx_word' id='word_1_517' title='bbox 2893 3779 3030 3834; x_wconf 84' lang='lat' dir='ltr'><strong>acei-</strong></span> 
     </span>
     <span class='ocr_line' id='line_1_48' title="bbox 698 3844 3029 3915; baseline 0.001 -14"><span class='ocrx_word' id='word_1_518' title='bbox 698 3846 797 3909; x_wconf 89' lang='lat' dir='ltr'><strong>d1t,</strong></span> <span class='ocrx_word' id='word_1_519' title='bbox 833 3849 1101 3915; x_wconf 76' lang='lat' dir='ltr'><strong>contingit</strong></span> <span class='ocrx_word' id='word_1_520' title='bbox 1132 3845 1263 3899; x_wconf 86' lang='lat' dir='ltr'><strong>m1h1</strong></span> <span class='ocrx_word' id='word_1_521' title='bbox 1299 3844 1504 3915; x_wconf 74' lang='lat' dir='ltr'><strong>ahquid</strong></span> <span class='ocrx_word' id='word_1_522' title='bbox 1544 3844 1810 3899; x_wconf 80' lang='lat' dir='ltr'><strong>d1versum</strong></span> <span class='ocrx_word' id='word_1_523' title='bbox 1849 3845 1919 3898; x_wconf 87' lang='lat' dir='ltr'><strong>ab</strong></span> <span class='ocrx_word' id='word_1_524' title='bbox 1956 3844 2066 3909; x_wconf 83' lang='lat'><strong>1110,</strong></span> <span class='ocrx_word' id='word_1_525' title='bbox 2116 3844 2256 3914; x_wconf 87' lang='lat' dir='ltr'><strong>quod</strong></span> <span class='ocrx_word' id='word_1_526' title='bbox 2293 3849 2421 3900; x_wconf 81' lang='lat' dir='ltr'><strong>ante</strong></span> <span class='ocrx_word' id='word_1_527' title='bbox 2457 3847 2536 3900; x_wconf 78' lang='lat' dir='ltr'><strong>fui</strong></span> <span class='ocrx_word' id='word_1_528' title='bbox 2569 3888 2582 3901; x_wconf 90' lang='lat'><strong>.</strong></span> <span class='ocrx_word' id='word_1_529' title='bbox 2643 3847 2725 3900; x_wconf 86' lang='lat' dir='ltr'><strong>Cf.</strong></span> <span class='ocrx_word' id='word_1_530' title='bbox 2761 3849 2891 3901; x_wconf 79' lang='lat' dir='ltr'><strong>Aen.</strong></span> <span class='ocrx_word' id='word_1_531' title='bbox 2929 3846 3029 3903; x_wconf 86' lang='lat'><strong>111.</strong></span> 
     </span>
     <span class='ocr_line' id='line_1_49' title="bbox 697 3913 3028 3983; baseline -0 -16"><span class='ocrx_word' id='word_1_532' title='bbox 697 3917 853 3968; x_wconf 84' lang='grc'><strong>318.“</strong></span> <span class='ocrx_word' id='word_1_533' title='bbox 913 3915 1097 3968; x_wconf 89' lang='lat' dir='ltr'><strong>Burm.</strong></span> <span class='ocrx_word' id='word_1_534' title='bbox 1138 3913 1206 3968; x_wconf 90' lang='lat' dir='ltr'><strong>ad</strong></span> <span class='ocrx_word' id='word_1_535' title='bbox 1244 3913 1574 3968; x_wconf 86' lang='lat' dir='ltr'><strong>coniecturas</strong></span> <span class='ocrx_word' id='word_1_536' title='bbox 1607 3913 1737 3966; x_wconf 82' lang='lat' dir='ltr'><strong>adeo</strong></span> <span class='ocrx_word' id='word_1_537' title='bbox 1775 3913 2041 3981; x_wconf 78' lang='lat' dir='ltr'><strong>confug-it.</strong></span> <span class='ocrx_word' id='word_1_538' title='bbox 2106 3913 2190 3967; x_wconf 81' lang='lat' dir='ltr'><strong>vel</strong></span> <span class='ocrx_word' id='word_1_539' title='bbox 2221 3914 2522 3983; x_wconf 72' lang='lat' dir='ltr'><strong>Exciperet</strong></span> <span class='ocrx_word' id='word_1_540' title='bbox 2558 3945 2581 3955; x_wconf 92' lang='lat'>-</span> <span class='ocrx_word' id='word_1_541' title='bbox 2620 3944 2644 3955; x_wconf 90' lang='lat'>-</span> <span class='ocrx_word' id='word_1_542' title='bbox 2676 3924 2883 3978; x_wconf 72' lang='lat' dir='ltr'><strong>ventos,</strong></span> <span class='ocrx_word' id='word_1_543' title='bbox 2948 3915 3028 3968; x_wconf 76' lang='lat' dir='ltr'><strong>vel</strong></span> 
     </span>
     <span class='ocr_line' id='line_1_50' title="bbox 697 3980 3031 4104; baseline 0 -68"><span class='ocrx_word' id='word_1_544' title='bbox 697 3983 1024 4104; x_wconf 52' lang='lat' dir='ltr'><strong>Adassgeeree</strong></span> <span class='ocrx_word' id='word_1_545' title='bbox 1063 4012 1086 4023; x_wconf 91' lang='lat'>-</span> <span class='ocrx_word' id='word_1_546' title='bbox 1122 4011 1145 4022; x_wconf 92' lang='lat'>-</span> <span class='ocrx_word' id='word_1_547' title='bbox 1185 4012 1208 4024; x_wconf 93' lang='lat'><strong>·</strong></span> <span class='ocrx_word' id='word_1_548' title='bbox 1242 3991 1419 4035; x_wconf 71' lang='lat' dir='ltr'><strong>terrae</strong></span> <span class='ocrx_word' id='word_1_549' title='bbox 1459 3980 1568 4047; x_wconf 83' lang='lat' dir='ltr'><strong>legi</strong></span> <span class='ocrx_word' id='word_1_550' title='bbox 1612 3997 1765 4050; x_wconf 87' lang='lat' dir='ltr'><strong>posse</strong></span> <span class='ocrx_word' id='word_1_551' title='bbox 1810 3996 2126 4035; x_wconf 79' lang='lat' dir='ltr'><strong>memorans.</strong></span> <span class='ocrx_word' id='word_1_552' title='bbox 2189 4013 2250 4021; x_wconf 88' lang='lat'><strong>·-</strong></span> <span class='ocrx_word' id='word_1_553' title='bbox 2316 3982 2734 4048; x_wconf 70' lang='lat' dir='ltr'><strong>indulqente&#39;a</strong></span> <span class='ocrx_word' id='word_1_554' title='bbox 2779 4001 2873 4052; x_wconf 81' lang='lat' dir='ltr'><strong>pro</strong></span> <span class='ocrx_word' id='word_1_555' title='bbox 2928 3983 3031 4036; x_wconf 84' lang='lat' dir='ltr'><strong>cle·</strong></span> 
     </span>
     <span class='ocr_line' id='line_1_51' title="bbox 698 4048 3031 4120; baseline 0 -16"><span class='ocrx_word' id='word_1_556' title='bbox 698 4066 820 4105; x_wconf 88' lang='lat' dir='ltr'><strong>men</strong></span> <span class='ocrx_word' id='word_1_557' title='bbox 852 4050 861 4062; x_wconf 88' lang='lat'>&#39;</span> <span class='ocrx_word' id='word_1_558' title='bbox 904 4089 918 4107; x_wconf 82' lang='grc'><strong>.</strong></span> <span class='ocrx_word' id='word_1_559' title='bbox 955 4050 1212 4120; x_wconf 86' lang='lat' dir='ltr'><strong>temperie</strong></span> <span class='ocrx_word' id='word_1_560' title='bbox 1239 4049 1388 4112; x_wconf 81' lang='lat' dir='ltr'><strong>caeli,</strong></span> <span class='ocrx_word' id='word_1_561' title='bbox 1431 4064 1566 4117; x_wconf 90' lang='lat' dir='ltr'><strong>quae</strong></span> <span class='ocrx_word' id='word_1_562' title='bbox 1603 4051 1788 4102; x_wconf 83' lang='lat' dir='ltr'><strong>secuta</strong></span> <span class='ocrx_word' id='word_1_563' title='bbox 1820 4052 1905 4102; x_wconf 88' lang='lat' dir='ltr'><strong>est</strong></span> <span class='ocrx_word' id='word_1_564' title='bbox 1939 4048 2152 4115; x_wconf 84' lang='lat' dir='ltr'><strong>frigoris</strong></span> <span class='ocrx_word' id='word_1_565' title='bbox 2177 4049 2475 4118; x_wconf 87' lang='lat' dir='ltr'><strong>calorisque</strong></span> <span class='ocrx_word' id='word_1_566' title='bbox 2499 4050 2821 4105; x_wconf 84' lang='lat' dir='ltr'><strong>molestiam.</strong></span> <span class='ocrx_word' id='word_1_567' title='bbox 2856 4051 3031 4120; x_wconf 64' lang='lat' dir='ltr'><strong>Heyn.</strong></span> 
     </span>
     <span class='ocr_line' id='line_1_52' title="bbox 696 4116 3031 4198; baseline -0 -26"><span class='ocrx_word' id='word_1_568' title='bbox 696 4121 973 4187; x_wconf 83' lang='lat' dir='ltr'><strong>comparat</strong></span> <span class='ocrx_word' id='word_1_569' title='bbox 1006 4117 1180 4173; x_wconf 86' lang='lat' dir='ltr'><strong>Gratii</strong></span> <span class='ocrx_word' id='word_1_570' title='bbox 1218 4118 1418 4198; x_wconf 60' lang='lat' dir='ltr'><strong>Cyneg.</strong></span> <span class='ocrx_word' id='word_1_571' title='bbox 1462 4120 1577 4171; x_wconf 84' lang='grc'><strong>295.</strong></span> <span class='ocrx_word' id='word_1_572' title='bbox 1613 4117 1765 4169; x_wconf 76' lang='lat' dir='ltr'><strong>Dum</strong></span> <span class='ocrx_word' id='word_1_573' title='bbox 1801 4117 1990 4186; x_wconf 78' lang='lat' dir='ltr'><strong>tepida</strong></span> <span class='ocrx_word' id='word_1_574' title='bbox 2026 4116 2274 4181; x_wconf 72' lang='lat' dir='ltr'><strong>indulqet</strong></span> <span class='ocrx_word' id='word_1_575' title='bbox 2306 4118 2470 4170; x_wconf 69' lang='lat' dir='ltr'><strong>terris</strong></span> <span class='ocrx_word' id='word_1_576' title='bbox 2507 4118 2791 4172; x_wconf 74' lang='lat' dir='ltr'><strong>clementia</strong></span> <span class='ocrx_word' id='word_1_577' title='bbox 2827 4120 3031 4172; x_wconf 77' lang='lat' dir='ltr'><strong>nmnde‘.</strong></span> 
     </span>
     <span class='ocr_line' id='line_1_53' title="bbox 695 4182 3030 4256; baseline -0 -16"><span class='ocrx_word' id='word_1_578' title='bbox 695 4185 786 4240; x_wconf 84' lang='lat' dir='ltr'><strong>Ita</strong></span> <span class='ocrx_word' id='word_1_579' title='bbox 811 4186 994 4255; x_wconf 79' lang='lat' dir='ltr'><strong>primi</strong></span> <span class='ocrx_word' id='word_1_580' title='bbox 1025 4186 1304 4241; x_wconf 68' lang='lat' dir='ltr'><strong>clanentza</strong></span> <span class='ocrx_word' id='word_1_581' title='bbox 1337 4184 1473 4237; x_wconf 71' lang='lat' dir='ltr'><strong>solis</strong></span> <span class='ocrx_word' id='word_1_582' title='bbox 1508 4199 1592 4252; x_wconf 85' lang='lat' dir='ltr'><strong>ap.</strong></span> <span class='ocrx_word' id='word_1_583' title='bbox 1627 4182 1726 4237; x_wconf 88' lang='lat' dir='ltr'><strong>Cal</strong></span> <span class='ocrx_word' id='word_1_584' title='bbox 1764 4199 1883 4238; x_wconf 87' lang='lat' dir='ltr'><strong>urn.</strong></span> <span class='ocrx_word' id='word_1_585' title='bbox 1920 4183 2032 4238; x_wconf 83' lang='lat' dir='ltr'><strong>Ecl.</strong></span> <span class='ocrx_word' id='word_1_586' title='bbox 2070 4183 2220 4243; x_wconf 82' lang='lat' dir='ltr'><strong>vm.</strong></span> <span class='ocrx_word' id='word_1_587' title='bbox 2259 4187 2326 4239; x_wconf 77' lang='lat'><strong>8..</strong></span> <span class='ocrx_word' id='word_1_588' title='bbox 2364 4186 2644 4238; x_wconf 77' lang='lat' dir='ltr'><strong>clementia</strong></span> <span class='ocrx_word' id='word_1_589' title='bbox 2679 4186 2797 4240; x_wconf 74' lang='lat' dir='ltr'><strong>diei</strong></span> <span class='ocrx_word' id='word_1_590' title='bbox 2819 4203 2904 4256; x_wconf 86' lang='lat' dir='ltr'><strong>ap.</strong></span> <span class='ocrx_word' id='word_1_591' title='bbox 2930 4187 3030 4239; x_wconf 78' lang='lat' dir='ltr'><strong>Co-</strong></span> 
     </span>
     <span class='ocr_line' id='line_1_54' title="bbox 698 4250 3028 4323; baseline -0 -16"><span class='ocrx_word' id='word_1_592' title='bbox 698 4253 832 4308; x_wconf 87' lang='lat' dir='ltr'><strong>lum.</strong></span> <span class='ocrx_word' id='word_1_593' title='bbox 869 4252 966 4317; x_wconf 86' lang='lat' dir='ltr'><strong>IX,</strong></span> <span class='ocrx_word' id='word_1_594' title='bbox 1009 4257 1088 4317; x_wconf 87' lang='grc'><strong>13,</strong></span> <span class='ocrx_word' id='word_1_595' title='bbox 1126 4258 1178 4308; x_wconf 81' lang='grc'><strong>4.</strong></span> <span class='ocrx_word' id='word_1_596' title='bbox 1213 4257 1312 4307; x_wconf 88' lang='lat' dir='ltr'><strong>etc.</strong></span> <span class='ocrx_word' id='word_1_597' title='bbox 1387 4252 1638 4306; x_wconf 85' lang='lat' dir='ltr'><strong>Ceterum</strong></span> <span class='ocrx_word' id='word_1_598' title='bbox 1673 4251 1737 4305; x_wconf 80' lang='lat' dir='ltr'><strong>R1</strong></span> <span class='ocrx_word' id='word_1_599' title='bbox 1776 4250 1929 4305; x_wconf 86' lang='lat' dir='ltr'><strong>beck.</strong></span> <span class='ocrx_word' id='word_1_600' title='bbox 1965 4251 2017 4305; x_wconf 90' lang='lat' dir='ltr'><strong>in</strong></span> <span class='ocrx_word' id='word_1_601' title='bbox 2056 4252 2267 4321; x_wconf 82' lang='lat' dir='ltr'><strong>Proleg.</strong></span> <span class='ocrx_word' id='word_1_602' title='bbox 2304 4269 2353 4321; x_wconf 84' lang='lat' dir='ltr'><strong>p.</strong></span> <span class='ocrx_word' id='word_1_603' title='bbox 2393 4258 2461 4305; x_wconf 84' lang='lat'><strong>39</strong></span> <span class='ocrx_word' id='word_1_604' title='bbox 2496 4271 2576 4323; x_wconf 90' lang='lat' dir='ltr'><strong>sq.</strong></span> <span class='ocrx_word' id='word_1_605' title='bbox 2613 4253 2709 4307; x_wconf 90' lang='lat' dir='ltr'><strong>bos</strong></span> <span class='ocrx_word' id='word_1_606' title='bbox 2760 4258 2870 4308; x_wconf 82' lang='lat' dir='ltr'><strong>tres</strong></span> <span class='ocrx_word' id='word_1_607' title='bbox 2913 4271 3028 4308; x_wconf 85' lang='lat' dir='ltr'><strong>ver·</strong></span> 
     </span>
     <span class='ocr_line' id='line_1_55' title="bbox 700 4320 3030 4391; baseline -0.001 -16"><span class='ocrx_word' id='word_1_608' title='bbox 700 4338 810 4381; x_wconf 90' lang='lat' dir='ltr'><strong>sus,</strong></span> <span class='ocrx_word' id='word_1_609' title='bbox 853 4325 1158 4385; x_wconf 74' lang='lat'><strong>343-345.,</strong></span> <span class='ocrx_word' id='word_1_610' title='bbox 1196 4322 1287 4391; x_wconf 87' lang='lat' dir='ltr'><strong>qui</strong></span> <span class='ocrx_word' id='word_1_611' title='bbox 1325 4321 1558 4374; x_wconf 87' lang='lat' dir='ltr'><strong>fortasse</strong></span> <span class='ocrx_word' id='word_1_612' title='bbox 1592 4320 1791 4374; x_wconf 87' lang='lat' dir='ltr'><strong>rectius</strong></span> <span class='ocrx_word' id='word_1_613' title='bbox 1825 4323 1949 4389; x_wconf 83' lang='lat' dir='ltr'><strong>post</strong></span> <span class='ocrx_word' id='word_1_614' title='bbox 1981 4336 2029 4373; x_wconf 75' lang='lat' dir='ltr'><strong>v.</strong></span> <span class='ocrx_word' id='word_1_615' title='bbox 2068 4324 2182 4374; x_wconf 90' lang='grc'><strong>335.</strong></span> <span class='ocrx_word' id='word_1_616' title='bbox 2261 4324 2508 4381; x_wconf 82' lang='lat' dir='ltr'><strong>onantur.</strong></span> <span class='ocrx_word' id='word_1_617' title='bbox 2548 4338 2582 4375; x_wconf 90' lang='lat' dir='ltr'><strong>a</strong></span> <span class='ocrx_word' id='word_1_618' title='bbox 2616 4322 2850 4385; x_wconf 60' lang='lat' dir='ltr'><strong>Vergilio</strong></span> <span class='ocrx_word' id='word_1_619' title='bbox 2889 4322 3030 4376; x_wconf 84' lang='lat' dir='ltr'><strong>curis</strong></span> 
     </span>
     <span class='ocr_line' id='line_1_56' title="bbox 695 4386 3028 4459; baseline -0.001 -15"><span class='ocrx_word' id='word_1_620' title='bbox 695 4389 945 4444; x_wconf 87' lang='lat' dir='ltr'><strong>secundis</strong></span> <span class='ocrx_word' id='word_1_621' title='bbox 982 4389 1218 4445; x_wconf 90' lang='lat' dir='ltr'><strong>adiectos</strong></span> <span class='ocrx_word' id='word_1_622' title='bbox 1256 4405 1371 4444; x_wconf 89' lang='lat' dir='ltr'><strong>esse</strong></span> <span class='ocrx_word' id='word_1_623' title='bbox 1410 4404 1502 4442; x_wconf 86' lang='lat' dir='ltr'><strong>sus</strong></span> <span class='ocrx_word' id='word_1_624' title='bbox 1539 4388 1726 4442; x_wconf 86' lang='lat' dir='ltr'><strong>icatur.</strong></span> <span class='ocrx_word' id='word_1_625' title='bbox 1778 4419 1843 4427; x_wconf 91' lang='lat'><em>-</em></span> <span class='ocrx_word' id='word_1_626' title='bbox 1886 4386 2197 4450; x_wconf 80' lang='lat'><strong>346—353.</strong></span> <span class='ocrx_word' id='word_1_627' title='bbox 2286 4404 2314 4442; x_wconf 88' lang='lat' dir='ltr'><strong>e</strong></span> <span class='ocrx_word' id='word_1_628' title='bbox 2348 4405 2478 4443; x_wconf 90' lang='lat' dir='ltr'><strong>cura</strong></span> <span class='ocrx_word' id='word_1_629' title='bbox 2512 4390 2848 4444; x_wconf 80' lang='lat' dir='ltr'><strong>surculorum</strong></span> <span class='ocrx_word' id='word_1_630' title='bbox 2887 4390 3028 4459; x_wconf 87' lang='lat' dir='ltr'><strong>posi-</strong></span> 
     </span>
     <span class='ocr_line' id='line_1_57' title="bbox 694 4455 3028 4526; baseline 0 -15"><span class='ocrx_word' id='word_1_631' title='bbox 694 4461 875 4512; x_wconf 86' lang='lat' dir='ltr'><strong>torum</strong></span> <span class='ocrx_word' id='word_1_632' title='bbox 910 4459 1106 4526; x_wconf 81' lang='lat' dir='ltr'><strong>agitur.</strong></span> <span class='ocrx_word' id='word_1_633' title='bbox 1181 4490 1245 4498; x_wconf 89' lang='lat'>—</span> <span class='ocrx_word' id='word_1_634' title='bbox 1310 4455 1444 4517; x_wconf 82' lang='grc'><strong>346.</strong></span> <span class='ocrx_word' id='word_1_635' title='bbox 1545 4458 1679 4510; x_wconf 77' lang='lat' dir='ltr'><strong>uod</strong></span> <span class='ocrx_word' id='word_1_636' title='bbox 1720 4474 1792 4509; x_wconf 76' lang='lat' dir='ltr'><strong>eu</strong></span> <span class='ocrx_word' id='word_1_637' title='bbox 1850 4463 2021 4510; x_wconf 70' lang='lat' dir='ltr'><strong>erest</strong></span> <span class='ocrx_word' id='word_1_638' title='bbox 2067 4456 2393 4510; x_wconf 86' lang='lat' dir='ltr'><strong>Lucretiana</strong></span> <span class='ocrx_word' id='word_1_639' title='bbox 2437 4457 2752 4511; x_wconf 85' lang='lat' dir='ltr'><strong>transeundi</strong></span> <span class='ocrx_word' id='word_1_640' title='bbox 2796 4457 3028 4511; x_wconf 81' lang='lat' dir='ltr'><strong>formula</strong></span> 
     </span>
     <span class='ocr_line' id='line_1_58' title="bbox 696 4524 3022 4594; baseline -0.001 -15"><span class='ocrx_word' id='word_1_641' title='bbox 696 4526 763 4585; x_wconf 78' lang='lat'><strong>«1.</strong></span> <span class='ocrx_word' id='word_1_642' title='bbox 800 4530 881 4580; x_wconf 74' lang='lat'><strong>44.</strong></span> <span class='ocrx_word' id='word_1_643' title='bbox 922 4529 1041 4580; x_wconf 88' lang='grc'><strong>920.</strong></span> <span class='ocrx_word' id='word_1_644' title='bbox 1079 4525 1152 4586; x_wconf 86' lang='lat'><strong>11,</strong></span> <span class='ocrx_word' id='word_1_645' title='bbox 1196 4530 1276 4578; x_wconf 80' lang='grc'><strong>39.</strong></span> <span class='ocrx_word' id='word_1_646' title='bbox 1320 4528 1434 4578; x_wconf 70' lang='lat'><strong>1⁵53.</strong></span> <span class='ocrx_word' id='word_1_647' title='bbox 1470 4527 1587 4576; x_wconf 79' lang='grc'><strong>491.</strong></span> <span class='ocrx_word' id='word_1_648' title='bbox 1629 4527 1745 4577; x_wconf 79' lang='grc'><strong>547.</strong></span> <span class='ocrx_word' id='word_1_649' title='bbox 1867 4562 1880 4583; x_wconf 82' lang='grc'><em>,</em></span> <span class='ocrx_word' id='word_1_650' title='bbox 1919 4527 2035 4578; x_wconf 87' lang='grc'><strong>351.</strong></span> <span class='ocrx_word' id='word_1_651' title='bbox 2075 4524 2140 4586; x_wconf 89' lang='lat' dir='ltr'><strong>V,</strong></span> <span class='ocrx_word' id='word_1_652' title='bbox 2179 4527 2295 4577; x_wconf 80' lang='grc'><strong>770.</strong></span> <span class='ocrx_word' id='word_1_653' title='bbox 2336 4528 2482 4585; x_wconf 85' lang='lat' dir='ltr'><strong>etc.),</strong></span> <span class='ocrx_word' id='word_1_654' title='bbox 2523 4542 2656 4594; x_wconf 89' lang='lat' dir='ltr'><strong>quae</strong></span> <span class='ocrx_word' id='word_1_655' title='bbox 2691 4525 2831 4594; x_wconf 85' lang='lat' dir='ltr'><strong>apud</strong></span> <span class='ocrx_word' id='word_1_656' title='bbox 2859 4525 3022 4593; x_wconf 83' lang='lat' dir='ltr'><strong>Verg.</strong></span> 
     </span>
     <span class='ocr_line' id='line_1_59' title="bbox 697 4591 3023 4658; baseline -0.001 -10"><span class='ocrx_word' id='word_1_657' title='bbox 697 4592 843 4648; x_wconf 84' lang='lat' dir='ltr'><strong>redit</strong></span> <span class='ocrx_word' id='word_1_658' title='bbox 876 4593 1020 4647; x_wconf 80' lang='lat' dir='ltr'><strong>infra</strong></span> <span class='ocrx_word' id='word_1_659' title='bbox 1047 4593 1139 4657; x_wconf 90' lang='lat' dir='ltr'><strong>IV,</strong></span> <span class='ocrx_word' id='word_1_660' title='bbox 1178 4599 1260 4648; x_wconf 91' lang='grc'><strong>51.</strong></span> <span class='ocrx_word' id='word_1_661' title='bbox 1297 4593 1429 4646; x_wconf 79' lang='lat' dir='ltr'><strong>Aen.</strong></span> <span class='ocrx_word' id='word_1_662' title='bbox 1467 4591 1530 4654; x_wconf 90' lang='lat' dir='ltr'><strong>V,</strong></span> <span class='ocrx_word' id='word_1_663' title='bbox 1575 4595 1685 4645; x_wconf 83' lang='grc'><strong>796,</strong></span> <span class='ocrx_word' id='word_1_664' title='bbox 1722 4591 1818 4658; x_wconf 80' lang='lat' dir='ltr'><strong>IX,</strong></span> <span class='ocrx_word' id='word_1_665' title='bbox 1859 4595 1968 4646; x_wconf 88' lang='grc'><strong>157.</strong></span> <span class='ocrx_word' id='word_1_666' title='bbox 2000 4592 2083 4647; x_wconf 86' lang='lat' dir='ltr'><strong>cf.</strong></span> <span class='ocrx_word' id='word_1_667' title='bbox 2120 4591 2282 4646; x_wconf 87' lang='lat' dir='ltr'><strong>etiam</strong></span> <span class='ocrx_word' id='word_1_668' title='bbox 2315 4593 2447 4646; x_wconf 87' lang='lat' dir='ltr'><strong>Aen.</strong></span> <span class='ocrx_word' id='word_1_669' title='bbox 2485 4592 2549 4649; x_wconf 87' lang='lat' dir='ltr'><strong>V.</strong></span> <span class='ocrx_word' id='word_1_670' title='bbox 2585 4596 2700 4647; x_wconf 77' lang='grc'><strong>691.</strong></span> <span class='ocrx_word' id='word_1_671' title='bbox 2740 4597 2796 4649; x_wconf 88' lang='lat' dir='ltr'><strong>et</strong></span> <span class='ocrx_word' id='word_1_672' title='bbox 2818 4592 2912 4651; x_wconf 78' lang='lat' dir='ltr'><strong>xl.</strong></span> <span class='ocrx_word' id='word_1_673' title='bbox 2945 4596 3023 4647; x_wconf 87' lang='grc'><strong>15.</strong></span> 
     </span>
    </p>
   </div>
  </div>
 </body>
</html>
