3616 5026
491 184 565 244 16
1195 176 1270 244 Ρ.
1313 176 1683 243 VERGILI
1720 176 2123 247 MARONIS

488 341 579 405 Et
614 342 786 405 freta
831 339 1185 407 destituent
1226 340 1439 408 nudos
1483 343 1555 406 in
1595 341 1787 407 litore
1831 343 2069 430 pisces,
2765 357 2832 407 60

486 422 659 489 Ante
703 427 1061 510 pererratis
1107 423 1448 490 amborum
1490 423 1729 489 finibus
1773 423 1963 490 exsul

486 506 622 570 Aut
658 506 927 570 Ararim
970 504 1252 571 Parthus
1298 505 1480 572 bibet
1523 515 1637 571 aut
1680 505 2041 573 Germania
2086 507 2360 594 Tigrim,

488 587 700 668 Quam
743 598 967 654 nostro
1011 588 1185 654 illius
1233 587 1494 654 labatur
1538 600 1806 675 pectore
1849 589 2086 655 voltus.

484 752 580 804 per
604 752 750 791 mare
768 739 1022 790 natantes
1044 735 1269 816 cogitari
1290 738 1437 790 certe
1461 741 1706 805 possunt,
1735 752 1857 791 cum
1876 736 2042 791 nandi
2061 737 2380 792 facultatem
2400 737 2652 802 habeant,
2673 738 2828 805 poeta

484 806 666 858 autem
694 807 880 874 aperte
898 803 987 858 hic
1010 804 1261 873 coniungi
1284 803 1473 866 voluit,
1501 819 1635 883 quae
1656 803 1945 859 coniuncta
1962 804 2189 874 cogitari
2209 804 2423 859 omnino
2444 819 2548 858 non
2573 804 2826 873 possuut;

485 871 674 925 deinde
711 886 832 924 vero
870 870 1110 939 Vergilio
1150 871 1435 926 obversata
1466 870 1682 925 videtur
1726 869 2053 926 Lucretiana
2084 871 2248 926 dictio
2284 889 2394 943 per
2426 872 2570 925 caeli
2604 870 2823 925 caerula

480 939 664 1008 pasci,
690 955 798 1059 ger
830 939 1044 1017 caelu-m
1073 940 1254 1008 pasci.
1294 937 1377 993 Cf.
1416 938 1572 992 Lucr.
1610 936 1655 1005 1,
1696 941 1843 1018 1989.
1880 940 1947 1003 V,
1986 943 2104 1019 526.
2151 938 2441 1019 Praeterea
2474 940 2673 993 AmeiS.
2709 938 2828 1018 §pi-

484 1004 571 1059 cil.
605 1021 659 1074 p.
733 1044 765 1068 .,
804 1005 859 1059 in
904 1021 1211 1060 umversum
1255 1022 1465 1060 mecum
1510 1008 1868 1069 consentiens,
1918 1006 2103 1062 addit:
2154 1024 2249 1072 „m
2295 1022 2536 1075 aequore
2580 1007 2828 1074 ambigue

483 1073 688 1126 dictum
723 1076 882 1136 esset,
930 1089 1053 1127 cuni
1095 1089 1254 1142 saepe
1291 1073 1434 1142 apud
1466 1078 1682 1142 poetam
1717 1072 1932 1127 dicatur
1967 1073 2033 1128 de
2072 1079 2303 1145 campo“
2344 1079 2399 1127 et
2436 1073 2616 1136 „cervi
2649 1075 2702 1127 in
2742 1090 2829 1128 ae·

485 1155 649 1210 quore
730 1142 977 1194 ascentes
1015 1140 1243 1208 cogitari
1287 1144 1534 1209 possunt,
1582 1140 1627 1194 si
1667 1140 1884 1211 quidem
1919 1142 1976 1195 in
2017 1143 2155 1196 mari
2227 1140 2416 1196 edibus
2453 1143 2663 1195 stantes
2698 1145 2828 1210 potu

483 1206 677 1261 hausto
750 1208 905 1262 erbas
941 1207 1186 1261 litorales
1223 1207 1351 1263 dece
1418 1209 1576 1260 unt.‘·
1614 1207 1752 1261 Deni
1790 1224 1857 1267 ue
1892 1209 2060 1263 etiam
2096 1225 2130 1263 a
2228 1208 2475 1263 henkelio
2512 1209 2568 1262 in
2605 1207 2826 1286 Ephem.

483 1290 667 1343 gymn.
700 1276 886 1328 Austr.
937 1291 988 1329 a.
1044 1277 1187 1329 1852.
1243 1277 1300 1329 et
1400 1291 1599 1342 aguero
1641 1275 1697 1328 in
1822 1274 1933 1330 ‘101.
1969 1274 2154 1345 Suppl.
2193 1276 2238 1330 Ι.
2284 1293 2340 1346 p.
2376 1280 2495 1330 311.
2544 1274 2823 1329 lectionem

481 1343 693 1396 aethere
727 1341 1004 1396 defensam
1039 1341 1209 1397 video.
1246 1341 1467 1408 (Omnes
1502 1345 1685 1396 autem
1708 1341 1870 1408 locos,
1907 1360 2039 1413 quos
2064 1343 2154 1397 hic
2173 1344 2370 1398 iterum
2393 1345 2597 1397 tractat
2618 1343 2829 1412 Wagn„

479 1408 793 1479 plerumque
839 1410 1044 1489 priores
1089 1410 1388 1464 sententias
1440 1425 1567 1464 suas
1617 1413 1837 1464 strenue
1882 1409 2194 1475 defendens,
2244 1410 2302 1465 in
2342 1412 2391 1466 A
2426 1409 2650 1490 pendice
2700 1409 2826 1463 huic

481 1476 738 1530 volumini
772 1476 1073 1532 adiicienda
1108 1476 1356 1531 collectos
1391 1475 1679 1544 indicabo.)
1749 1478 1897 1545 Quae
1935 1494 2042 1533 non
2081 1482 2329 1533 curantes
2365 1493 2395 1533 e
2422 1494 2532 1532 iam
2565 1476 2820 1532 Ribbeck.

480 1543 571 1610 (cf.
609 1543 722 1597 eius
761 1543 976 1624 Proleg.
1014 1559 1066 1612 p.
1108 1546 1252 1622 165.)
1279 1547 1336 1598 et
1369 1543 1584 1599 Ladew.
1599 1556 1781 1666 0{lquos
1821 1544 2024 1616 Haupt.
2075 1549 2131 1601 et
2166 1546 2419 1627 Coningt.
2453 1547 2567 1600 iure
2600 1561 2706 1598 non
2743 1562 2827 1599 se-

479 1610 1483 1758 {tssssfftmffsssszffligffi}
1515 1746 1527 1758 ,
1554 1681 1672 1759 0030
1699 1611 1870 1734 iffi
1902 1629 2158 1735 uitii·
2193 1614 2665 1751 {tihffibffuiff
2686 1628 2824 1735 5532,

478 1745 636 1799 litore
698 1744 1022 1815 degentibus
1066 1762 1247 1800 cervos
1293 1762 1347 1800 in
1393 1762 1529 1801 mari
1579 1750 1821 1801 viventes
1870 1721 2212 1818 opponendos
2269 1764 2386 1803 esse
2427 1747 2673 1817 putabat.
2743 1747 2825 1802 De

518 1812 802 1867 ermutatis
852 1815 1036 1867 autem
1073 1813 1159 1868 his
1194 1813 1416 1870 vocibus
1453 1813 1522 1868 cf.
1561 1814 1663 1868 viri
1698 1813 1861 1878 docti,
1911 1831 2044 1886 quos
2081 1813 2274 1870 laudat
2311 1815 2495 1884 Unger
2529 1815 2597 1869 de
2632 1813 2825 1885 Valgio

478 1829 618 1933 Rufo
652 1896 704 1949 p.
740 1882 855 1935 484.
894 1910 958 1918 -—-
995 1879 1085 1941 60.
1111 1885 1310 1950 freta
1353 1881 1720 1936 destituent
1754 1883 2014 1952 pisces,
2059 1884 2094 1937 i.
2134 1900 2177 1939 e.
2221 1884 2397 1953 pisces
2449 1883 2505 1936 in
2557 1883 2694 1936 sicco
2745 1882 2823 1935 vi·

478 1951 622 2009 vent,
705 1961 835 2002 uare
879 1949 1044 2001 nudi
1087 1951 1361 2013 vocantur,
1408 1948 1445 2002 i.
1484 1965 1527 2004 e.
1566 1964 1672 2003 non
1708 1948 1947 2018 amplius
1979 1950 2141 2005 undis
2173 1951 2324 2015 tecti,
2373 1949 2444 2005 ab
2484 1965 2626 2020 aqua
2659 1948 2826 2004 desti—

477 2014 606 2068 tuti.
669 1963 877 2088 'Eodem
928 2015 1084 2070 modo
1118 2015 1301 2095 Senec.
1336 2015 1526 2085 Oedip.
1573 2019 1660 2096 423.
1708 2019 1867 2096 uada
1911 2021 2064 2073 vada
2099 2017 2258 2096 dixit.
2332 2017 2419 2071 cf.
2459 2017 2624 2072 etiam
2660 2032 2825 2097 supra

477 2081 662 2135 adnot.
702 2080 771 2135 ad
807 2098 854 2137 v.
901 2084 981 2135 15.
1020 2084 1332 2138 Destituere
1366 2087 1550 2138 antem
1585 2100 1663 2138 sic
1696 2085 1864 2139 etiam
1900 2100 1988 2155 ap.
2025 2084 2169 2140 Plin.
2193 2084 2259 2139 H.
2288 2085 2358 2140 N.
2384 2084 2481 2147 IX,
2516 2089 2567 2149 5,
2602 2089 2650 2139 4.
2686 2084 2823 2154 legi-

476 2152 592 2202 tur:
628 2147 852 2203 Tiberio
878 2150 1075 2219 princi
1115 2167 1142 2203 e
1179 2159 1376 2205 contra
1399 2151 1783 2219 Luqdunemie
1816 2153 2147 2231 provinciae
2179 2153 2312 2207 litus
2348 2155 2407 2206 in
2440 2153 2623 2206 insula
2657 2151 2823 2206 simul

475 2223 738 2270 trecentas
778 2218 1023 2286 amplius
1088 2217 1265 2271 ellum
1298 2218 1660 2289 reciprocam
1692 2219 1943 2273 desmit
1979 2220 2245 2275 Oceanus.
2281 2253 2346 2261 —
2381 2218 2468 2279 61.
2504 2235 2825 2290 pererra-

475 2285 573 2337 tis
618 2283 955 2338 amborum
982 2285 1267 2353 finibus
1342 2284 1423 2339 ita
1466 2287 1531 2339 ut
1569 2286 1712 2340 alter
1747 2284 1819 2340 ad
1855 2286 2082 2342 alterius
2117 2287 2272 2343 sedes
2304 2288 2626 2358 pervenerit,
2677 2287 2733 2341 h.
2775 2304 2821 2342 e.

475 2349 665 2405 Parthi
699 2350 756 2405 in
791 2349 1135 2406 Germaniam
1172 2355 1229 2407 et
1257 2325 1518 2431 Germani
1550 2353 1607 2407 in
1640 2353 1926 2409 Parthiam
1960 2354 2292 2424 migrabunt,
2349 2353 2491 2425 quod
2531 2357 2617 2422 (ut
2647 2354 2820 2424 Heyn.

476 2420 604 2488 apte
639 2422 1041 2487 commemorat)
1077 2419 1184 2473 nisi
1219 2420 1377 2474 victis
1417 2423 1472 2474 et
1507 2420 1747 2475 subactis
1780 2421 2038 2477 Romanis
2073 2422 2188 2478 fieri
2222 2439 2329 2476 non
2364 2424 2596 2492 poterat.
2624 2451 2689 2463 -
2713 2439 2823 2476 ea:-

473 2486 579 2539 sul
622 2485 849 2556 quisque
893 2491 995 2548 est,
1047 2488 1136 2557 qui
1170 2503 1277 2541 non
1312 2487 1368 2541 in
1409 2489 1593 2559 patria
1626 2491 2006 2552 commoratur,
2048 2488 2234 2561 aliqua
2278 2505 2441 2545 causa
2474 2505 2538 2544 ea
2571 2489 2821 2546 excedere

477 2553 802 2622 compulsus.
839 2584 904 2592 —
943 2551 1036 2615 62.
1077 2554 1302 2610 Poetam
1339 2554 1442 2620 hic,
1480 2556 1573 2610 ubi
1609 2555 1932 2612 Germaniae
1966 2557 2166 2613 flumen
2202 2558 2608 2628 exspectaveris,
2642 2559 2783 2613 Ara
2798 2587 2820 2598 -

476 2621 626 2688 rim,
682 2619 890 2675 Galliae
937 2621 1174 2687 fiuvium,
1233 2622 1345 2692 (qui
1389 2639 1532 2678 nunc
1578 2623 1763 2678 Saone
1808 2626 2054 2691 vocatur)
2095 2628 2600 2680 commemorantem
2646 2626 2818 2688 Voss„

477 2686 667 2756 Heyn.,
707 2687 800 2742 alii
837 2688 919 2743 ita
959 2687 1274 2751 defendunt,
1320 2693 1386 2744 ut
1419 2690 1622 2755 dicant,
1660 2692 1986 2747 rusticorum
2021 2693 2321 2748 sententias
2358 2709 2419 2748 ex
2460 2692 2621 2748 certis
2657 2695 2821 2747 ratio-

477 2754 635 2809 nibus
678 2756 1053 2825 geographicis
1099 2773 1206 2811 non
1251 2773 1409 2827 posse
1450 2757 1693 2825 iudicari,
1740 2758 1910 2813 immo
1945 2759 2083 2814 hanc
2115 2761 2290 2829 ipsam
2323 2760 2562 2816 locorum
2595 2760 2822 2816 inscien-

474 2821 606 2876 tiam
641 2821 919 2877 iudoctum
954 2824 1224 2878 servulum
1265 2841 1373 2878 non
1408 2825 1551 2879 male
1584 2825 1786 2893 decere,
1839 2826 2029 2881 Gallos
2066 2832 2249 2883 autem
2282 2830 2340 2882 et
2372 2828 2669 2884 Germanos
2703 2827 2821 2882 vul-

473 2889 1228 3013 ffifftzffiidissffloeztm
1268 2892 1522 3013 “iffi-‘¹3⁶³
1535 2914 1556 2973 ·³
1609 2893 1805 3015 {³35⁸
1839 2894 2822 3020 istimtssmmffssffifisshiffiihflffii‘

1179 3000 1212 3023 ο,
1461 3000 1475 3024 9
2193 2981 2220 3017 1'
2805 3006 2818 3026 ν

471 3024 628 3078 Arari
677 3025 1091 3090 substituentis3
1138 3026 1404 3096 imprimis
1449 2976 1626 3082 ωηιξη
1611 3029 1894 3084 verissima
1937 3029 2066 3094 sint,
2114 2979 2249 3100 guae
2299 3030 2453 3087 Iahn.
2490 3031 2546 3084 iii
2580 3029 2708 3085 edit.
2744 3030 2819 3085 Π.

472 3089 699 3154 addidit,
740 3090 835 3145 illo
870 3095 1130 3163 tempore,
1216 3110 1286 3147 uo
1323 3094 1454 3149 haec
1491 3094 1695 3165 Ecloga
1727 3095 1935 3165 scripta
1969 3097 2060 3165 sit,
2093 3098 2306 3153 Ararim
2340 3113 2465 3153 vere
2499 3095 2665 3154 fuisse
2703 3114 2820 3153 ver·

471 3174 564 3213 sus
588 3158 932 3238 Germaniam
968 3160 1177 3229 imperii
1282 3162 1429 3216 niani
1462 3163 1773 3228 terminum,
1812 3179 1937 3218 cum
2009 3168 2162 3220 entes
2196 3167 2338 3220 inter
2362 3165 2577 3220 Ararim
2601 3174 2658 3220 et
2680 3166 2821 3220 Rhe—

471 3241 601 3280 num
635 3226 947 3292 incolentes,
985 3244 1309 3308 quamquam
1346 3230 1456 3283 iam
1491 3245 1527 3284 a
1548 3229 1776 3285 Caesare
1813 3181 2134 3297 debelfatae,
2171 3236 2355 3288 tamen
2380 3234 2451 3290 ab
2467 3233 2707 3304 Agrippa
2728 3233 2820 3288 de·

471 3308 619 3347 mum
654 3308 704 3347 a.
742 3297 856 3350 717.
893 3312 944 3363 p.
985 3311 1036 3349 u.
1065 3313 1110 3349 c.
1152 3296 1376 3365 imperio
1411 3295 1650 3351 Romano
1687 3296 1909 3354 additae
1944 3315 2062 3354 esse
2097 3300 2400 3356 videantur.
2435 3300 2504 3355 W
2614 3302 2689 3355 eri
2723 3316 2820 3354 au·

468 3365 580 3414 tem
614 3359 955 3429 explicationi
989 3361 1152 3432 paulo
1191 3363 1489 3417 subtiliori:
1545 3363 1773 3428 „Parthi
1821 3368 2114 3435 pererratis
2150 3366 2468 3423 Germaniae
2591 3368 2710 3423 ibus
2758 3369 2812 3422 in

468 3427 702 3482 Galliam
731 3429 963 3492 venient,
991 3428 1249 3485 Germani
1272 3431 1563 3501 pererratis
1583 3431 1909 3488 Parthorum
1935 3434 2133 3490 finibus
2158 3435 2225 3490 ad
2251 3434 2494 3506 Tigrim“
2523 3435 2578 3489 id
2602 3435 2819 3490 obstare

469 3494 699 3557 videtur,
739 3496 881 3564 quod
913 3496 1091 3566 Tigris
1117 3512 1223 3550 non
1249 3499 1527 3562 orientem,
1554 3499 1647 3554 sed
1671 3500 2004 3556 occidentem
2027 3518 2214 3558 versus
2236 3502 2561 3557 Parthorum
2593 3519 2818 3573 reguum

468 3562 814 3617 terminabat.
853 3564 1106 3619 Ceterum
1139 3564 1316 3620 forma
1344 3567 1575 3620 Ararim
1611 3583 1645 3621 a
1675 3566 1893 3623 Nomin.
1920 3570 2107 3624 Araris
2132 3574 2217 3625 est
2251 3569 2587 3625 deducenda·
2624 3570 2815 3642 duplex

468 3631 610 3684 enim
643 3634 761 3684 erat
796 3630 1127 3685 Nominativi
1161 3631 1336 3687 forma
1367 3635 1508 3687 Arar
1542 3636 1599 3687 et
1633 3634 1839 3698 Arari8‚
1880 3640 1945 3690 ut
1967 3636 2131 3706 Liger
2164 3642 2221 3693 et
2254 3637 2318 3691 L·
2360 3638 2480 3692 eris.
2515 3610 2601 3693 Cf.
2627 3638 2815 3693 Claud.

469 3699 524 3750 in
560 3696 685 3751 Rus.
723 3696 797 3760 ΙΙ,
837 3701 950 3753 111.
987 3699 1044 3752 in
1078 3698 1247 3753 Eutro
1291 3743 1303 3755 .
1338 3700 1382 3763 Ι,
1429 3705 1543 3755 405.
1581 3701 1834 3757 Schneid.
1872 3702 2112 3760 Gramm.
2149 3705 2272 3760 Lat.
2371 3744 2384 3767 ‚
2437 3709 2477 3760 1.
2517 3722 2568 3775 p.
2604 3709 2721 3760 214.
2759 3711 2815 3759 et

467 3763 611 3844 liber
648 3779 798 3826 meus
836 3765 1064 3821 Hamil).
1113 3771 1169 3822 d.
1214 3716 1555 3847 υἷιβωῃν.
1589 3768 1689 3824 111.
1777 3814 1787 3825 .
1831 3773 1946 3826 121.
1985 3802 2052 3812 —-
2091 3773 2476 3837 Germania,
2522 3773 2558 3827 i.
2602 3788 2648 3827 e.
2682 3773 2815 3828 Ger·

469 3847 633 3885 mani.
660 3831 948 3887 Terrarum
982 3837 1163 3889 autem
1205 3850 1423 3890 nomina
1458 3852 1554 3905 pro
1592 3852 1661 3906 po
1698 3786 1911 3892 uforum
1951 3840 2255 3894 nominibus
2294 3855 2398 3894 non
2433 3840 2608 3894 solum
2643 3840 2816 3910 poetis

472 3899 563 3965 (cf.
590 3897 703 3953 Ecl.
731 3897 827 3967 IV,
855 3904 936 3953 58.
973 3901 1099 3956 Geo,
1125 3904 1171 3964 Ι,
1208 3905 1291 3958 33.
1326 3903 1457 3958 Acii.
1483 3903 1558 3971 11,
1601 3908 1661 3959 19
1731 3908 1877 3973 etc),
1914 3921 2098 3961 verum
2135 3907 2300 3963 etiam
2341 3923 2372 3961 o
2409 3907 2558 3962 timis
2593 3907 2813 3979 quibus-

466 3982 571 4086 {ue
609 3964 874 4036 pedestris
910 3968 1164 4023 orationis
1199 3969 1687 4051 scripmribm·m
1753 3973 1835 4027 ari
1871 3975 2008 4028 satis
2044 3978 2274 4030 constat.
2311 3924 2407 4029 Cip
2429 3978 2648 4055 praeter
2680 3975 2813 4030 alios

506 4036 677 4104 umpt.
713 4038 758 4097 §-
795 4038 912 4090 675.
952 4035 1206 4091 Goerenz.
1244 4037 1313 4090 ad
1352 4038 1460 4093 Cic.
1510 4038 1631 4092 Fin.
1761 4078 1773 4102 ,
1818 4045 1862 4104 i,
1899 4045 1951 4095 4.
1990 4045 2047 4095 et
2083 4041 2390 4097 Schneider.
2426 4059 2482 4096 m
2504 4043 2670 4097 Novis
2702 4045 2815 4098 An·

466 4100 573 4155 nal.
607 4100 737 4170 phil.
775 4101 917 4157 in.
956 4120 1008 4173 p.
1043 4107 1160 4158 251.
1196 4106 1410 4160 Nemes.
1449 4106 1580 4175 Cyn.
1621 4111 1704 4161 67.
1742 4107 1885 4162 hunc
1919 4109 2098 4163 locum
2132 4110 2208 4163 sic
2241 4109 2516 4165 imitatur:
2564 4110 2812 4166 Rhenum

471 4168 791 4248 Tmo-imque
826 4171 1013 4251 bibunt
1045 4173 1354 4253 Aran'eqzae
1385 4182 1647 4228 remotum
1674 4176 2040 4245 principium.
2077 4207 2141 4215 —
2180 4176 2272 4237 63.
2325 4178 2547 4232 Sensus:
2593 4179 2812 4247 Semper

471 4251 649 4304 imago
689 4240 1030 4306 imperatoris
1065 4239 1283 4308 placidi,
1325 4241 1493 4309 mitis,
1530 4241 1776 4297 benevoli
1800 4247 1929 4297 ante
1956 4243 2136 4298 oculos
2163 4245 2316 4298 nobis
2347 4245 2664 4308 versabitur,
2701 4248 2735 4302 i.
2762 4264 2808 4300 e.

466 4318 757 4372 numquam
782 4305 1024 4361 beneficii
1052 4309 1166 4362 eius
1193 4309 1532 4363 immemores
1559 4308 1774 4363 erimus.
1812 4309 1917 4364 Pro
1942 4311 2013 4365 la
2029 4313 2224 4365 batur
2247 4311 2378 4367 Cod.
2405 4310 2522 4369 Pal.
2547 4328 2579 4366 a
2605 4330 2676 4370 m.
2705 4331 2807 4370 sec.

465 4368 687 4492 graebct
721 4374 997 4442 labantur,
1035 4374 1175 4445 quod
1201 4375 1455 4430 Ribbeck.
1493 4376 1625 4431 locis
1651 4378 1780 4433 Aen.
1810 4378 1852 4444 Ι,
1880 4381 1995 4433 684.
2034 4376 2128 4443 IV,
2154 4384 2202 4434 4.
2241 4378 2364 4448 vn,
2388 4383 2508 4433 416.
2544 4396 2809 4437 commen·

503 4453 585 4492 ari
621 4443 820 4494 censet.
896 4442 973 4495 De
1008 4445 1181 4498 forma
1214 4442 1461 4509 voltus,
1509 4460 1670 4515 quam
1712 4460 1860 4499 nune
1897 4461 2018 4500 cuni
2056 4447 2438 4501 recentissimis
2475 4445 2632 4502 editt.
2668 4465 2809 4503 rece·

464 4506 656 4587 pimuS,
692 4506 760 4561 cf.
800 4508 992 4578 Wagn.
1037 4511 1194 4566 Orth.
1236 4511 1397 4581 Verg.
1437 4529 1490 4581 p.
1522 4516 1620 4565 445
1659 4527 1778 4582 sqq.
1820 4517 1876 4566 et
1909 4512 2164 4569 Ribbeck.
2200 4513 2414 4584 Proleg.
2450 4530 2504 4584 p.
2541 4519 2654 4571 435.
2707 4516 2808 4570 Re-

465 4577 639 4642 spexit
675 4573 816 4628 hunc
851 4575 1025 4631 locum
1056 4578 1223 4635 Rutil.
1249 4580 1378 4634 ltin.
1407 4579 1452 4640 1,
1482 4584 1565 4634 53.
1604 4579 1901 4634 obruerint
1924 4582 2084 4636 citius
2107 4581 2374 4637 scelerata
2394 4583 2602 4637 oblivia
2623 4585 2807 4651 solem,
