3616 5026
541 201 661 265 348
1242 198 1316 266 Ρ.
1361 196 1733 266 VERGILI
1770 196 2171 267 MARONIS

546 362 829 449 Frigora
865 385 988 429 nec
1029 371 1281 430 tantum
1324 387 1492 431 cana
1533 375 1839 431 concreta
1885 369 2124 453 pruina

545 445 681 512 Aut
720 449 945 533 gravis
985 448 1364 515 incumbens
1406 449 1693 537 scopulis
1738 449 2072 516 arentibus
2116 460 2352 536 aestas,

547 528 876 610 Quantum
918 530 1015 596 illi
1057 553 1332 598 nocuere
1373 555 1609 620 greges
1650 531 1925 621 durique
1967 555 2287 599 venenum

544 613 779 678 Dentis
824 623 888 678 et
927 613 1229 681 admorso
1274 618 1532 704 signata
1575 619 1644 681 in
1683 618 1884 704 stirpe
1928 618 2224 683 cicatrix.

547 697 691 762 Non
735 696 929 763 aliam
973 696 1057 763 ob
1103 698 1356 788 culpam
1400 698 1663 767 Baccho
1703 722 1902 788 caper
1947 699 2249 767 omnibus
2296 701 2429 767 aris
2780 710 2881 765 380

528 920 819 990 fi-uduam
859 923 959 974 etc.
1037 918 1290 975 Ceterum
1324 919 1581 975 Ribbeck.
1618 922 1673 975 in
1708 920 1885 976 Lectt.
1927 919 2085 990 Verg.
2137 938 2189 992 p.
2240 926 2290 975 5.
2333 920 2491 976 valde
2535 922 2881 992 probabiliter

540 988 859 1057 suspicatur,
904 987 1198 1068 Vergilium
1244 987 1330 1042 his
1374 990 1552 1044 tribus
1597 1005 1707 1043 vss.
1755 992 2041 1044 373-375.
2086 990 2237 1060 prius
2284 989 2500 1059 scriptis
2536 997 2765 1059 quatuor
2798 1009 2881 1047 se-

576 1060 762 1112 nentes
796 1056 1142 1111 substituisse
1176 1072 1341 1127 eoque
1374 1057 1545 1111 invito
1585 1057 1748 1113 etiam
1786 1056 1912 1111 illos
1948 1062 2189 1112 servatos
2221 1074 2354 1120 esse,
2391 1057 2534 1128 quod
2557 1073 2699 1112 nunc
2718 1061 2882 1115 etiam

587 1124 841 1193 adewigio
879 1123 1086 1194 (Pi-ogr.
1126 1142 1177 1204 p.
1211 1128 1314 1182 16.)
1350 1126 1623 1195 persuasit
1660 1126 1749 1182 (cf.
1786 1126 1903 1179 eius
1928 1124 2143 1195 Proleg.
2178 1143 2232 1197 p.
2275 1128 2410 1190 32.);
2447 1124 2657 1180 Peerlk.
2695 1129 2880 1183 autem

537 1211 591 1264 p.
635 1195 728 1246 148
764 1209 843 1262 sq.
881 1209 970 1246 eos
1006 1208 1218 1245 omnmo
1259 1193 1500 1260 Vergilio
1544 1192 1929 1248 abiudicandos
1979 1197 2187 1256 censet,
2247 1197 2311 1248 ut
2354 1210 2413 1248 eo
2458 1193 2735 1262 indignosz
2796 1197 2882 1249 cui

538 1265 682 1316 recte
715 1259 1034 1340 adversatur
1066 1259 1276 1315 Ladew.
1314 1262 1502 1326 Pron.
1541 1262 1578 1316 l.
1618 1261 1659 1342 ¹:
1692 1261 1892 1342 Tittler
1936 1262 2108 1314 Ueber
2144 1264 2200 1316 d.
2241 1262 2515 1342 'Zeit-etc.
2568 1264 2620 1315 in
2666 1278 2716 1342 y.
2763 1266 2881 1342 3Ῑ6.

539 1331 1183 1477 sinterani?
1199 1330 2137 1452 .5f.-2‘¹23¹3‡¹5;21.¹2sz¹;{..12{0'⁸2⁸
2173 1330 2884 1477 afflaveris&

539 1464 695 1519 modo
730 1464 953 1526 dixerat,
1000 1480 1219 1532 gravius
1253 1481 1315 1519 ac
1355 1465 1611 1520 disertius
1649 1466 1880 1536 exponit.
1934 1466 2382 1535 Necsrzqora
2413 1474 2726 1520 concreta
2761 1471 2882 1528 (tn-

536 1534 728 1589 butum
750 1533 980 1603 fi-iqori
1011 1531 1313 1602 epitheton,
1368 1534 1510 1603 qnod
1547 1534 1706 1588 rebus
1743 1534 1956 1604 proprie
1994 1535 2239 1588 convenit
2271 1550 2368 1603 per
2410 1533 2631 1603 frigoris
2677 1539 2879 1604 tempe-

540 1604 737 1656 statem
772 1600 1050 1655 adstrictis
1092 1605 1148 1654 et
1181 1601 1500 1722 congelatis)
1536 1618 1819 1655 nocuere
1853 1609 2104 1655 tantum
2136 1602 2392 1672 pruina
2433 1618 2628 1668 cana,
2684 1605 2879 1656 nocent

538 1673 754 1724 tantum
789 1667 972 1736 gelu.“
1032 1668 1210 1737 Heyn.
1312 1670 1349 1724 f.
1386 1669 1542 1725 Lucr.
1580 1669 1681 1732 ῙΠ,
1721 1673 1804 1724 20.
1840 1669 1938 1721 nia:
1972 1676 2102 1723 atra
2135 1676 2391 1723 concreta
2535 1670 2650 1723 ina.
2703 1668 2885 1723 Canus

537 1753 572 1792 a
606 1735 679 1790 ud
712 1740 898 1805 poetas
937 1736 1194 1791 sollemne
1268 1738 1453 1792 ruinae
1492 1742 1548 1792 et
1582 1738 1722 1791 nivis
1755 1736 2050 1806 epitheton.
2089 1736 2170 1791 Cf.
2207 1738 2336 1790 Hor.
2377 1735 2422 1790 O
2466 1776 2478 1788 .
2523 1737 2566 1798 Ι,
2603 1741 2653 1800 4,
2678 1742 2727 1791 4.
2763 1738 2878 1791 Sat.

596 1844 609 1866 ,
649 1808 698 1866 5,
734 1808 818 1858 41.
864 1803 1017 1859 Ovid.
1066 1804 1192 1858 Her.
1230 1754 1303 1868 ξ’,
1356 1810 1434 1859 16.
1483 1810 1539 1860 et
1582 1822 1718 1875 qnae
1763 1821 1928 1874 supra
1975 1805 2044 1858 ad
2090 1806 2220 1861 Gen.
2267 1805 2308 1866 Ι,
2355 1808 2435 1857 43.
2485 1804 2880 1859 adnotavimus.

539 1871 690 1939 Quod
724 1875 906 1926 autem
941 1873 1142 1926 attinet
1180 1871 1248 1926 ad
1284 1874 1525 1943 epitheta
1560 1875 1721 1928 rebus
1757 1873 1828 1927 ab
1868 1872 2061 1927 effectu
2098 1873 2320 1927 tributis
2364 1871 2431 1925 cf.
2473 1871 2603 1926 Ge0.
2649 1872 2748 1934 111,
2799 1876 2880 1926 67.

539 1943 594 1995 et
628 1941 758 1993 Aen.
795 1939 887 1996 lx,
926 1943 1060 2000 610..
1099 1940 1191 1994 ubi
1225 1949 1463 1994 sermm
1498 1941 1673 1994 mem
1709 1943 1765 1994 et
1802 1942 1971 1994 tarda
2010 1944 2243 2004 vocatur,
2293 1940 2417 2009 qnia
2452 1941 2643 1994 tristes
2680 1943 2735 1994 et
2768 1945 2883 1994 tar-

540 2007 636 2061 dos
671 2006 849 2061 reddit
884 2006 1151 2072 homines,
1214 2024 1279 2060 su
1318 2025 1379 2062 ra
1417 2010 1460 2073 1,
1500 2012 1619 2063 331.
1670 2009 1892 2062 humile}
1981 2027 2136 2076 anor,
2182 2008 2308 2061 Hor.
2355 2007 2455 2062 Od.
2505 2007 2550 2070 I,
2596 2013 2646 2062 4.
2698 2011 2777 2062 13.
2827 2010 2883 2063 et

539 2076 662 2130 Sen.
701 2076 858 2129 Herc.
900 2076 1006 2129 fur.
1045 2080 1159 2130 555.
1193 2026 1423 2146 paflida
1460 2095 1625 2139 mors,
1664 2077 1828 2130 Mart.
1998 2117 2011 2140 ,
2053 2080 2166 2132 162.
2193 2076 2418 2147 pallida
2443 2092 2598 2139 cura,
2629 2075 2725 2131 Sil.
2755 2075 2880 2130 Ital.

537 2143 684 2204 XIII,
725 2146 838 2197 560.
877 2143 1071 2197 lurida
1107 2162 1272 2212 mors,
1318 2144 1473 2199 Ovid.
1510 2145 1641 2199 Met.
1681 2143 1826 2207 XIV,
1867 2147 1981 2199 198.
2021 2144 2237 2197 luridus
2277 2144 2498 2211 horror,
2552 2143 2709 2198 Ovid.
2754 2144 2876 2198 Am.

537 2212 610 2274 Π,
649 2216 697 2272 5,
737 2215 815 2265 34.
851 2229 1166 2282 prm-pareus
1198 2216 1402 2293 pudor,
1441 2214 1499 2266 et
1534 2212 1711 2267 multa
1746 2211 1960 2266 similia.
2032 2244 2099 2251 —-
2169 2211 2300 2273 377.
2356 2211 2590 2280 qravis
2630 2220 2879 2279 aestas,

541 2278 784 2337 molesta.
836 2279 1073 2333 exitiosa.
1146 2279 1269 2333 Vni.
1316 2298 1379 2333 su
1419 2298 1481 2334 ra
1516 2298 1566 2334 v.
1604 2285 1718 2334 373.
1799 2279 1951 2346 Quod
1987 2283 2169 2334 autem
2204 2280 2405 2333 attinet
2436 2280 2505 2333 ad
2545 2279 2878 2334 Adiectivum

539 2346 827 2416 Participio
861 2346 1115 2401 Adverbii
1162 2347 1277 2401 loco
1399 2349 1593 2402 'ectum
1641 2348 1854 2415 (mavis
1891 2348 2221 2412 incumbens)
2259 2347 2365 2400 vid.
2399 2346 2611 2401 adnott.
2649 2346 2717 2401 ad
2752 2347 2878 2402 Geo.

538 2416 584 2474 Ι,
626 2417 738 2468 163.
779 2419 836 2467 et
871 2414 1002 2469 Aen.
1040 2414 1191 2472 Vm,
1229 2420 1345 2469 559.
1394 2448 1459 2457 —
1510 2417 1887 2469 Incumbere
1932 2414 2074 2469 haud
2120 2431 2241 2468 raro
2283 2418 2578 2484 usurpatur
2620 2415 2686 2468 de
2721 2416 2880 2470 rebus

639 2482 794 2537 vibus
830 2484 887 2537 et
924 2483 1181 2547 molestis,
1229 2499 1365 2554 quae
1399 2484 1689 2554 premendo
1725 2482 1879 2553 quasi
1913 2482 2119 2564 aliquid
2152 2484 2348 2538 vexant
2380 2483 2765 2554 infestantque,
2817 2486 2883 2538 nt

581 2568 609 2606 e
651 2552 832 2606 morbo
866 2551 1122 2619 pestifero
1157 2553 1300 2621 apud
1335 2553 1491 2609 Lucr.
1532 2551 1626 2615 Vl,
1669 2555 1816 2606 1142.
1856 2557 2114 2621 mov-teser
2146 2560 2328 2605 aestus
2365 2582 2388 2593 -
2423 2582 2447 2593 -
2481 2552 2736 2605 Incubuit
2765 2558 2881 2604 tan·

538 2622 663 2674 dem
692 2620 907 2691 populo
945 2618 1257 2673 Pandionis
1291 2621 1405 2686 (ubi
1444 2621 1556 2674 vid.
1596 2620 1780 2675 adnot.
1822 2624 2003 2674 mean.
2043 2621 2127 2673 Cf.
2163 2619 2325 2674 etiam
2360 2620 2470 2673 Cic.
2497 2618 2656 2673 Balb.
2683 2622 2764 2679 26,
2795 2622 2879 2672 58.

539 2687 676 2742 Fuit
710 2687 814 2741 hoc
844 2687 960 2740 sive
991 2705 1163 2742 meum
1193 2690 1307 2741 sive
1337 2689 1680 2759 reipublicae
1707 2692 1929 2758 satiem,
1996 2696 2056 2740 nt
2106 2689 2166 2740 in
2210 2705 2295 2739 me
2341 2705 2508 2740 unum
2557 2688 2730 2740 omnis
2779 2688 2883 2740 illa

539 2755 829 2809 inclinatio
864 2757 1223 2809 communium
1255 2765 1558 2826 temporum
1591 2756 1936 2822 inmmboret,
1974 2754 2088 2808 alii.
2125 2754 2327 2809 Eadem
2351 2756 2461 2808 fere
2487 2754 2693 2808 ratione
2719 2754 2880 2809 etiam

540 2823 685 2878 venti
723 2822 1143 2877 vehementiores
1178 2824 1233 2877 in
1274 2840 1420 2877 mare
1456 2825 1763 2877 incumbere
1798 2822 2071 2876 dicuntur.
2141 2822 2225 2875 (tf.
2279 2822 2465 2876 Burm.
2517 2821 2583 2876 ad
2633 2821 2749 2876 Val.
2796 2821 2881 2876 ΓΙ.

540 2891 611 2953 Π,
648 2894 730 2946 59.
768 2891 916 2944 Cort.
952 2889 1023 2944 ad
1055 2891 1254 2945 Lucan.
1294 2890 1361 2951 V,
1404 2895 1517 2945 719.
1556 2891 1766 2944 Ruhnk.
1806 2890 1874 2944 ad
1917 2890 2072 2946 Ovid.
2111 2890 2240 2944 Her.
2281 2889 2432 2949 XIII,
2476 2893 2555 2944 15.
2591 2921 2657 2930 --
2701 2908 2882 2957 „sco-

586 2960 688 3014 uli
718 2968 1000 3023 arentes,
1043 2959 1238 3029 quibus
1272 2958 1539 3012 incumbit
1573 2967 1776 3025 acam-s,
1826 2958 1880 3010 b.
1919 2975 1960 3012 e.
2004 2958 2085 3011 sol
2119 2955 2368 3012 assiduus
2408 2962 2594 3012 cautes
2627 2958 2883 3012 excande-

563 3028 756 3087 aciens,
805 3043 901 3081 suo
945 3026 1061 3080 loco
1099 3030 1599 3081 commemorantur.
1646 3026 1736 3080 ubi
1777 3025 1844 3079 de
1878 3025 2080 3080 vitibus
2118 3026 2317 3093 agitur.
2386 3025 2472 3079 Sic
2505 3026 2706 3096 aprica
2740 3043 2881 3078 saa-a

541 3095 638 3150 inf.
676 3112 727 3149 v.
765 3096 923 3147 522.u
963 3094 1140 3162 Heyn.
1180 3127 1245 3134 —
1284 3093 1417 3155 378.
1466 3093 1590 3147 illi
1619 3094 1874 3147 Dativum
1912 3110 2027 3148 esse
2062 3110 2097 3147 a
2130 3109 2367 3147 ποι-τιατ
2398 3093 2737 3163 pendentem,
2775 3110 2879 3146 non

540 3163 753 3218 Nomin.
786 3179 909 3216 cum
947 3180 1133 3231 moyes
1168 3162 1613 3228 coniungendum,
1654 3162 1708 3215 in
1745 3166 2000 3231 promptu
2035 3163 2132 3216 est.
2172 3178 2478 3214 venenum
2512 3161 2753 3214 Dentis
2824 3178 2881 3213 ro

541 3230 713 3287 saliva
744 3231 913 3285 noxia.
956 3230 1129 3300 Supra
1162 3246 1209 3284 v.
1254 3234 1365 3284 196.
1403 3237 1618 3282 urentes
1652 3232 1798 3284 culta
1835 3227 2101 3299 capellae,
2139 3229 2229 3282 nbi
2266 3228 2375 3282 vid.
2415 3228 2629 3283 adnott.
2668 3260 2733 3269 —
2823 3245 2881 3282 ro

541 3300 845 3354 admorso
897 3297 988 3352 alii
1041 3297 1208 3351 Codd.
1268 3299 1555 3364 αάηονειι,
1611 3315 1858 3359 anwrsu,
1919 3315 1956 3350 a
2004 3314 2190 3350 morsa
2238 3298 2371 3355 etc..
2435 3312 2571 3365 quae
2629 3296 2879 3356 varietas,

540 3366 747 3436 Heynio
784 3365 972 3427 iudice.
1022 3366 1250 3419 fortasse
1289 3364 1670 3420 Grammaticis
1707 3364 1952 3427 debetur,
1999 3364 2091 3434 qni
2124 3364 2315 3485 {eneri-
2343 3379 2452 3418 voc.
2496 3364 2691 3434 stirpis
2723 3363 2882 3418 time·

542 3437 693 3489 bant.
762 3432 864 3488 Sed
901 3433 1023 3487 vide
1057 3434 1186 3487 Aen.
1225 3433 1347 3495 XII,
1392 3435 1507 3486 208.
1542 3436 1660 3486 660.
1701 3434 1814 3486 781.
1853 3435 1981 3486 cett.
2032 3434 2087 3485 et
2189 3431 2392 3485 uddim.
2440 3433 2486 3485 1.
2530 3448 2585 3501 p.
2634 3436 2734 3496 35„
2790 3433 2881 3511 qui

542 3503 720 3581 docet,
763 3516 943 3555 vocem
990 3502 1197 3622 stirpis(
1245 3518 1347 3621 {1¹⁵⁰-
1375 3503 1566 3554 trunco
1612 3501 1820 3554 arboris
1860 3500 2119 3579 positam,
2169 3499 2406 3565 Vergilio
2427 3515 2565 3578 'esse
2600 3498 2883 3553 masculini

539 3568 1555 3705 2232⁸im35z2¹¹1¹12001111523¹fffi³1
1565 3568 1632 3703 (ἦ
1663 3568 1745 3689 izi.
1820 3585 1872 3621 ¹¹¹
1889 3570 2197 3689 32¹3?ssssss
2218 3583 2413 3714 tm?
2386 3566 2881 3705 ⁸‡·ui’23.³iz·01‘51‘}1

542 3707 767 3777 legitur)
805 3706 1079 3759 admorsa.
1203 3705 1310 3757 ‘bb.
1349 3707 1531 3757 tamen
1576 3720 1693 3758 rece
1733 3704 1777 3756 it
1813 3703 1942 3756 Cod.
1980 3702 2158 3757 Palat.
2194 3702 2476 3757 lectionem
2511 3703 2594 3755 ad
2623 3721 2880 3756 morawa.

543 3775 719 3830 Ceteri
753 3774 1071 3828 recentiores
1108 3772 1338 3826 editores
1375 3772 1652 3825 nobiscum
1718 3771 1918 3825 aciunt.
1979 3803 2043 3809 -—
2107 3767 2423 3831 380-389.
2469 3769 2779 3839 Episodium
2813 3770 2878 3825 de

545 3843 688 3896 hirco
733 3843 787 3895 in
831 3840 1081 3895 honorem
1126 3840 1321 3893 Bacchi
1368 3839 1713 3893 immolando·
1789 3841 1836 3892 A
1880 3838 2205 3892 mactatione
2249 3838 2389 3891 enim
2434 3839 2579 3907 capri
2626 3836 2884 3907 Dionysia

549 3909 812 3980 simulque
848 3908 1005 3962 ludos
1042 3909 1300 3967 scenicos,
1364 3908 1453 3976 qui
1489 3906 1583 3961 illo
1620 3906 1758 3961 festo
1793 3906 2094 3960 edebantur
2126 3921 2160 3959 a
2196 3905 2269 3959 ud
2308 3905 2566 3967 Graecos,
2623 3906 2880 3975 originem

546 3978 774 4041 duxisse,
814 3980 975 4046 poeta
1017 3978 1173 4030 canit.
1235 3976 1467 4029 Consta
1500 3976 1658 4033 enim.
1700 3974 2051 4028 sollemnibus
2090 3990 2152 4027 su
2226 3972 2524 4028 vindemiae
2563 3976 2776 4042 tempus
2810 3974 2881 4028 ab

546 4046 743 4099 Atticis
786 4045 840 4098 in
882 4043 1079 4099 Bacchi
1126 4044 1376 4098 honorem
1425 4043 1693 4096 institutis
1742 4043 1906 4096 etiam
1944 4044 2136 4121 poetas
2190 4042 2502 4096 interfuisse
2555 4041 2883 4096 carminibus

545 4114 687 4167 inter
721 4128 778 4166 se
809 4117 1103 4168 certantes.
1165 4111 1423 4165 victorem
1459 4126 1527 4164 ue
1564 4126 1781 4179 caprum
1832 4112 2083 4178 (τραγον)
2167 4110 2354 4165 raemii
2399 4109 2514 4163 loco
2655 4112 2879 4188 orasse,

547 4197 701 4302 qm
738 4180 946 4299 {accho
981 4179 1301 4302 ἰωιιιοέἓτεῑ,
1317 4195 1400 4299 13¹
1425 4127 1522 4298 (ἷξε
1556 4180 1734 4232 autem
1772 4177 2100 4299 carminibus
2123 4127 2561 4295 gaechicisvtrag
2661 4193 2882 4298 lasRoefle

548 4266 594 4371 i.
632 4319 678 4373 2.
726 4264 993 4370 {²22¹ssss.
1041 4262 1477 4371 testati.
1498 4261 1766 4392 (ἶπὲἔῗξξῐ
1812 4260 2199 4384 &aa
2226 4262 2363 4367 ¹333.
2401 4261 2715 4393 οῗιἪῗε,
2742 4316 2774 4365 ⁶
2796 4287 2880 4382 sq:

550 4386 604 4436 et
638 4383 875 4437 Euenum
909 4383 964 4435 in
999 4381 1165 4437 Anth.
1202 4382 1318 4436 Pal.
1353 4381 1427 4436 11.
1502 4424 1513 4435 .
1548 4384 1630 4435 27.
1667 4397 1775 4435 sive
1811 4381 2031 4436 Anthol.
2066 4382 2250 4438 Burm.
2287 4381 2350 4445 V,
2393 4385 2505 4441 170,
2540 4384 2630 4437 3.).
2668 4396 2744 4434 sic
2770 4380 2881 4434 fere

549 4451 747 4518 pergit:
811 4450 1125 4507 ..Sententia
1169 4450 1249 4504 ita
1304 4466 1458 4517 proce
1500 4466 1587 4503 ere
1630 4448 1816 4502 debet:
1878 4450 1960 4504 Ob
2003 4449 2140 4504 hanc
2182 4449 2385 4503 vitibus
2430 4447 2640 4502 illatam
2685 4463 2877 4501 noxam

551 4533 717 4582 caper
747 4518 801 4570 in
837 4517 1032 4570 Bacchi
1070 4518 1235 4570 sacris
1270 4516 1601 4583 immolatur,
1659 4519 1729 4570 et.
1781 4533 1904 4570 cnm
1950 4518 2115 4572 semel
2159 4515 2368 4571 Baccho
2412 4532 2562 4569 sacer
2615 4520 2774 4575 esset,
2822 4515 2878 4568 in

550 4586 727 4635 vetere
777 4583 1055 4649 tragoedia
1116 4582 1520 4638 Atheniensium
1582 4600 1750 4653 caper
1797 4585 1973 4652 poetis
2019 4584 2327 4654 praemium
2378 4587 2495 4638 erat
2549 4583 2879 4653 propositum
