3616 5026
1414 271 1885 343 BUCOLICA.
1959 273 2153 343 ECL.
2199 273 2281 340 X.
2900 281 3011 344 171

680 435 1049 585 fflgdtssim
1082 437 1524 588 &affligieztgls
1540 440 1755 610 'qiizlin
1763 453 2278 592 cgqtffizgrpfflg
2324 525 2679 613 quiescant,

680 601 917 668 Vestra
961 627 1138 670 meos
1182 604 1335 670 olim
1377 608 1435 670 si
1479 604 1695 671 fistula
1734 606 1912 672 dicat
1940 610 2219 675 amores!

680 685 895 773 Atque
938 689 1184 752 utinam
1229 710 1311 752 ex
1369 690 1558 756 vobis
1605 712 1768 754 unus
1812 695 2140 780 vestrique
2180 693 2445 756 fuissem
2948 702 3014 752 35

679 768 811 833 Aut
854 782 1065 835 custos
1106 774 1326 856 gregis
1370 784 1481 838 aut
1538 784 1831 839 maturae
1873 777 2112 840 vinitor
2153 775 2346 839 uvae!

681 849 872 917 Certe
916 854 1056 918 sive
1096 854 1256 919 mihi
1297 856 1551 943 Phyllis
1595 859 1731 922 sive
1776 871 1948 924 esset
1984 859 2307 945 Amyntas

681 933 809 999 Seu
850 938 1233 1036 quicumque
1274 938 1472 1022 furor,
1519 976 1601 987 -
1643 942 1798 1028 quid
1840 951 1998 1023 tum,
2042 943 2098 1007 si
2138 945 2357 1007 fuscus
2400 940 2722 1029 Amyntas
2751 941 2785 1004 ἶ)

677 1017 765 1081 Et
804 1020 1030 1105 nigrae
1074 1021 1286 1087 violae
1327 1034 1477 1089 sunt
1536 1033 1599 1088 et
1651 1026 1951 1090 vaccinia
1991 1026 2184 1111 nigra
2223 1061 2305 1072 —

678 1099 936 1168 Mecum
976 1105 1146 1172 inter
1173 1105 1404 1172 salices
1442 1107 1617 1174 lenta
1662 1108 1780 1173 sub
1824 1111 1957 1173 vite
2001 1109 2272 1187 iaceret3
2946 1120 3010 1170 40

676 1322 925 1377 Ceterum
971 1324 1038 1378 de
1083 1323 1185 1377 hac
1229 1323 1507 1377 Particula
1549 1324 1602 1378 in
1652 1325 1911 1393 principio
1957 1325 2224 1379 enuntiati
2269 1325 2445 1392 posita
2490 1324 2545 1376 et
2581 1322 2649 1376 ad
2689 1326 3010 1380 sententiam

675 1390 748 1445 ali
786 1407 909 1444 uam
946 1392 1269 1460 cogitatione
1315 1392 1667 1461 supplendam
1716 1393 1888 1446 relata
1932 1395 1997 1448 cf.
2037 1394 2262 1448 Gronov.
2299 1392 2367 1445 ad
2406 1390 2520 1444 Liv.
2557 1390 2768 1452 XXIII,
2810 1396 2888 1452 19,
2932 1396 3009 1445 12.

676 1461 732 1512 et
752 1408 884 1537 Ϊὲεη.
923 1459 989 1513 de
1025 1459 1199 1513 benef.
1239 1459 1332 1520 lv,
1372 1463 1421 1512 6.
1464 1461 1647 1514 Burm.
1688 1461 1754 1513 ad
1793 1460 1943 1514 Ovid.
1983 1462 2109 1515 Her.
2147 1460 2240 1516 XI.
2274 1464 2316 1513 1.
2356 1460 2412 1513 et
2446 1457 2619 1536 Gratii
2657 1458 2856 1526 Cyneg.
2896 1464 3010 1514 336.

674 1526 841 1580 Kritz.
879 1526 947 1580 ad
983 1526 1115 1580 Sall.
1152 1527 1270 1595 lug.
1313 1532 1395 1590 54,
1424 1532 1469 1582 2.
1509 1532 1587 1584 (et
1621 1529 1740 1582 Cat.
1778 1532 1859 1588 26,
1904 1532 1969 1583 1.1
2007 1533 2058 1582 et
2096 1528 2257 1583 Orell.
2297 1527 2365 1581 ad
2403 1527 2514 1579 Cic.
2552 1524 2622 1578 ad
2657 1526 2777 1579 Att.
2812 1527 2938 1584 XII.
2966 1531 3010 1581 2.

676 1593 945 1647 Eiusmodi
986 1610 1108 1648 vero
1143 1594 1285 1648 locos
1321 1597 1484 1664 probe
1524 1595 1899 1650 discernendos
1939 1613 2053 1650 esse
2089 1598 2158 1650 ab
2193 1597 2274 1651 iis.
2318 1596 2411 1649 ubi
2448 1610 2549 1646 non
2588 1594 2801 1662 integra
2834 1595 3014 1665 aliqua

674 1663 967 1724 sententia,
1022 1662 1115 1716 sed
1160 1662 1438 1716 Particula
1484 1666 1699 1717 tantum
1743 1665 2046 1718 concessiva
2091 1665 2146 1717 in
2191 1661 2634 1733 praecedentibus
2680 1661 2763 1714 vel
2819 1663 3016 1717 omissa

674 1734 775 1784 est.
812 1729 896 1783 vel
934 1729 1093 1792 latet,
1132 1746 1234 1783 nou
1274 1734 1359 1784 est
1394 1732 1537 1800 quod
1576 1748 1998 1786 commemorem.
2035 1763 2102 1772 —
2136 1731 2515 1785 cantabitis.
2563 1728 2641 1782 De
2675 1728 2881 1783 Futuro
2920 1747 3014 1799 pro

672 1797 995 1866 Imperativo
1041 1799 1217 1868 posito
1263 1799 1373 1852 vid.
1419 1798 1628 1853 adnott.
1673 1799 1741 1853 ad
1777 1803 1909 1854 Aen.
1949 1800 2022 1858 ΙΙ,
2059 1803 2176 1852 547.
2216 1831 2282 1839 -
2341 1796 2429 1859 32.
2483 1797 2825 1850 Montibus
2858 1798 3016 1851 haec

673 1865 726 1924 (ἰ.
765 1883 810 1919 e.
846 1883 993 1919 meos
1028 1883 1242 1919 amores
1276 1883 1325 1920 v.
1364 1870 1470 1922 34.)
1505 1868 1757 1920 vestris.
1820 1868 1902 1921 (tf.
1938 1868 2053 1920 Ecl.
2091 1867 2166 1928 11,
2207 1872 2253 1920 5.
2297 1865 2574 1922 Ribbeck..
2612 1865 2712 1918 sibi
2750 1882 2854 1918 non
2892 1883 3013 1918 con·

672 1937 848 1992 stans.
897 1932 983 1987 hic
1020 1933 1221 1988 vostris
1266 1934 1459 1998 edidit,
1511 1935 1636 2004 quia
1670 1934 1799 1987 Cod.
1839 1935 1954 1988 Pal.
1995 1936 2217 2004 praebet
2259 1935 2484 1999 nostr-223,
2525 1933 2697 1987 literis
2736 1937 2918 1987 tamen
2954 1951 3016 1986 ve

670 2002 876 2068 primae
921 2000 1163 2069 syllabae
1206 2003 1599 2071 superscriptis..
1672 2003 1919 2056 Formam
1962 2006 2143 2056 autem
2193 2012 2372 2056 voster
2415 2000 2653 2062 Vergilio
2698 2002 3015 2055 inusitatam

671 2086 787 2123 esse
826 2069 984 2124 docet
1016 2069 1209 2138 Wagn.
1247 2071 1315 2124 ad
1356 2070 1471 2124 Ecl.
1504 2070 1598 2130 IX,
1642 2074 1720 2123 10.
1771 2071 1886 2124 ‹ubi
1921 2071 2084 2124 etiam
2123 2071 2278 2123 Ribb.
2316 2086 2420 2123 non
2459 2070 2636 2123 minus
2678 2086 2837 2140 quam
2875 2069 3017 2122 infra

671 2153 718 2191 v.
746 2140 825 2191 70.
863 2145 1095 2191 vestrum
1134 2138 1384 2207 scripsit)
1420 2169 1488 2178 -
1523 2138 1660 2192 soli
1691 2147 1962 2192 eantare
1988 2139 2204 2209 periti
2243 2140 2559 2191 Arcades.
2607 2137 2686 2191 De
2721 2154 2777 2191 re
2813 2138 2880 2190 cf.
2920 2135 3014 2190 ad-

672 2208 810 2259 nott.
848 2205 916 2259 ad
954 2205 1068 2259 Ecl.
1106 2206 1199 2264 IV.
1236 2210 1318 2260 58.
1361 2210 1417 2260 et
1450 2206 1572 2262 vn.
1610 2210 1678 2260 4..
1719 2206 1785 2260 de
1823 2207 2218 2260 constructione
2256 2206 2322 2259 ad
2359 2205 2474 2257 Ecl.
2512 2204 2579 2266 V,
2622 2208 2663 2259 1.
2708 2205 2830 2259 Vn.
2868 2209 2917 2258 5.
2959 2207 3015 2258 et

672 2273 737 2327 de
774 2274 1007 2342 repetita
1048 2289 1175 2327 voce
1212 2276 1460 2328 Arcade-s
1510 2274 1718 2328 adnott.
1767 2273 1834 2327 ad
1874 2274 1990 2328 Ecl.
2030 2274 2131 2330 VI.
2172 2277 2254 2327 21.
2329 2273 2588 2327 Imitatur
2631 2275 2813 2326 autem
2895 2275 3015 2326 oeta

670 2340 885 2395 Theocr.
926 2341 1079 2400 Vm.
1103 2346 1149 2396 4.
1191 2343 1273 2395 Cf.
1312 2342 1562 2396 Gebauer
1594 2342 1637 2396 Ι.
1676 2359 1727 2410 p.
1768 2346 1885 2396 230.
1921 2374 1987 2382 —
2024 2339 2116 2401 33.
2151 2360 2340 2410 quam
2373 2339 2690 2394 molliter.
2737 2339 2821 2395 Cf.
2906 2340 3011 2395 vid.

672 2408 798 2463 Her.
834 2409 964 2471 VII,
1013 2412 1124 2463 162.
1183 2410 1260 2462 Ec
1301 2411 1443 2463 sem's
1477 2410 1752 2463 Anchisae
1783 2410 2023 2463 molliter
2058 2427 2184 2462 osea
2215 2412 2420 2463 cubent.
2493 2407 2614 2461 Huc
2649 2407 2811 2462 etiam
2847 2409 3013 2477 perti-

674 2480 766 2532 net
800 2477 1081 2532 notissima
1130 2477 1225 2532 ina
1269 2478 1524 2532 formula:
1585 2477 1672 2532 Sic
1714 2478 1817 2531 tibi
1849 2486 1998 2531 terra
2030 2477 2189 2544 levis,
2235 2481 2289 2532 et
2330 2476 2481 2531 locus
2520 2475 2676 2546 Prop.
2713 2476 2764 2537 Ι,
2805 2479 2891 2539 17,
2929 2479 3013 2530 24.

681 2546 749 2598 Ut
796 2545 936 2598 mihi
983 2565 1093 2599 uon
1138 2547 1254 2599 ullo
1347 2549 1545 2600 mulera
1592 2554 1741 2599 terra
1779 2549 1960 2613 soret.
2023 2575 2088 2584 —
2146 2548 2505 2615 quiescant.
2580 2544 2749 2599 Codd.
2806 2544 3016 2614 aliquot

747 2616 957 2675 iacent,
995 2614 1174 2667 minus
1209 2630 1264 2667 re
1354 2654 1366 2666 .
1436 2614 1709 2668 Incertum
1746 2620 1832 2668 est
1866 2614 2033 2675 enim,
2070 2616 2254 2667 utrum
2289 2613 2525 2667 Arcades
2559 2613 2631 2675 id,
2669 2612 2810 2682 quod
2845 2612 3013 2681 cupit,

696 2681 868 2736 acturi
903 2682 1014 2734 sint
1050 2698 1149 2734 nec
1182 2698 1273 2737 ne:
1323 2682 1474 2750 cupit
1509 2681 1721 2751 quidem
1766 2682 1983 2745 Gallae,
2037 2688 2102 2735 ut
2147 2699 2203 2736 se
2246 2686 2457 2735 mortuo
2492 2697 2701 2734 amores
2736 2681 2817 2734 sui
2854 2697 3014 2749 argu·

671 2752 909 2804 mentum
945 2749 1058 2802 sint
1094 2748 1453 2829 pastoralium
1500 2751 1823 2804 carminum.
1872 2750 1965 2803 sed
2005 2766 2108 2803 non
2156 2753 2299 2803 certo
2334 2751 2517 2819 potest
2555 2765 2794 2817 sperare:
2842 2749 3014 2802 omnis

671 2817 838 2887 igitur
872 2819 1143 2871 sententia
1181 2833 1445 2886 suspensa
1479 2821 1565 2871 est
1601 2834 1633 2871 a
1671 2818 1744 2870 rei
1784 2820 2000 2886 optatae
2038 2817 2270 2886 quidem.
2311 2817 2403 2871 sed
2439 2816 2634 2870 dubiae
2672 2817 3011 2885 cogitatione.

670 2902 856 3007 3¹33.
870 2886 1327 3023 Ἥῗῗῖῗξήὲξε
1336 2884 1510 3006 ῗέἑῖῗὲ
1513 2886 1587 3007 ⁸0⁵3
1592 2885 1696 3005 11:⁰3⁰
1698 2884 3015 3021 fflfflunfftaffq”iiissiim‘ffiffl'iiiss'ssssdffiffl‘ff

724 3022 956 3074 aiacem.
1025 3020 1214 3075 Gallus
1258 3021 1401 3074 enim
1437 3020 1568 3074 haec
1602 3037 1702 3073 non
1744 3028 1859 3074 tam
1896 3024 2106 3088 optare,
2150 3037 2310 3090 quam
2346 3025 2493 3073 certo
2529 3036 2742 3089 sperare
2779 3019 3008 3073 videtur.

708 3088 870 3142 imilis
905 3089 1054 3141 locus
1091 3092 1174 3142 est
1210 3088 1322 3142 Ecl.
1363 3088 1443 3149 11,
1483 3093 1592 3151 57..
1639 3089 1731 3141 ubi
1769 3105 1797 3142 e
1834 3088 1985 3142 codd.
2024 3092 2281 3142 conc-edet
2323 3105 2419 3157 pro
2459 3090 2721 3140 concedat
2764 3087 3008 3156 scripsi.·‘

670 3156 781 3210 Nos
815 3159 871 3210 et
908 3156 984 3209 ibi
1027 3159 1292 3209 concedat
1347 3156 1692 3210 servavimus.
1730 3186 1794 3193 -
1857 3158 1992 3209 Cum
2029 3173 2077 3210 v.
2112 3154 2201 3215 34.
2248 3157 2313 3209 cf.
2353 3155 2465 3209 Bel.
2501 3155 2566 3215 V,
2606 3158 2670 3208 86
2704 3172 2786 3223 sq.
2858 3155 3014 3208 olim

670 3224 735 3278 de
770 3240 827 3278 re
862 3225 1065 3283 futura,
1104 3226 1166 3276 ut
1202 3226 1332 3277 Aen.
1369 3224 1414 3283 1.
1452 3227 1571 3278 203.
1612 3224 1706 3277 IV.
1746 3228 1862 3276 627.
1901 3228 1956 3275 ct
1993 3225 2120 3277 alibi
2157 3223 2300 3277 haud
2337 3240 2477 3276 raro.
2514 3254 2581 3262 —
2623 3220 2715 3281 35.
2765 3222 3011 3286 „Ductus

669 3292 812 3346 color
846 3308 907 3345 ex
942 3291 1162 3345 Theocr.
1201 3291 1329 3349 vn.
1370 3295 1437 3345 86
1474 3308 1591 3360 sqq.
1666 3292 1739 3344 At
1786 3290 1926 3344 illud
1961 3308 2063 3344 non
2109 3292 2313 3359 placet,
2363 3289 2504 3359 quod
2547 3292 2764 3358 repente
2801 3289 3008 3351 Gallus,

669 3377 826 3430 quem
858 3362 1131 3481 Hastorem
1170 3360 1221 3412 in
1268 3364 1424 3412 antro
1470 3360 1648 3429 aliquo
1684 3359 1943 3412 Arcadiae
1986 3376 2194 3413 amores
2239 3376 2363 3412 suos
2407 3358 2619 3437 deflere·
2646 3358 3009 3418 credebamus,

669 3445 724 3482 se
761 3444 856 3497 pro
896 3429 940 3481 it
973 3443 1077 3480 non
1126 3430 1396 3496 pastorem
1439 3443 1579 3485 esse.
1628 3426 1720 3481 sed
1765 3427 1920 3479 miles
1963 3427 2027 3480 fit
2070 3428 2124 3481 in
2168 3426 2348 3495 aliqua
2392 3425 2722 3495 expeditione
2768 3441 3009 3483 versans:

669 3497 748 3550 ita
769 3499 833 3549 ut
856 3494 1035 3549 omnia
1060 3494 1126 3548 de
1161 3495 1264 3548 diis
1299 3499 1355 3548 et
1390 3495 1701 3564 pastoribus
1737 3500 2033 3548 memorata
2067 3496 2242 3549 aliena
2279 3511 2394 3548 esse
2430 3510 2645 3547 necesse
2683 3494 2756 3546 sit
2788 3494 2858 3547 ab
2896 3493 3010 3546 eius

668 3562 2074 3685 ffi‘zffssndffissdssuffffisszi&affigam
2104 3581 2160 3684 ῗὲἰ
2195 3562 2680 3695 3331¹³¹32³⁸55÷5
2683 3566 3012 3697 ῗέἲέἧέυὲἓ

668 3699 961 3769 placeret.“
1032 3698 1119 3753 Sic
1152 3698 1263 3753 fere
1299 3699 1496 3765 Heme..
1534 3715 1568 3752 a
1602 3714 1706 3768 quo
1741 3699 1855 3750 iure
1894 3698 2188 3763 Vergilium
2236 3671 2548 3766 reprebendi
2588 3713 2714 3749 sane
2750 3713 2851 3750 non
2889 3713 3009 3765 pos·

667 3783 853 3821 sumus
887 3752 1090 3820 inlitias
1127 3767 1220 3820 ire.
1291 3767 1370 3820 Cf.
1419 3767 1583 3820 etiam
1624 3781 1759 3834 quae
1794 3766 1989 3833 Wagn.
2035 3766 2102 3820 ad
2141 3783 2188 3820 v.
2225 3770 2305 3819 44.
2350 3764 2648 3819 adnotavit.
2686 3796 2750 3803 —-
2787 3781 2859 3816 ex
2895 3782 3008 3815 vo·

668 3837 766 3889 his
800 3853 987 3898 unua,
1034 3835 1069 3889 i.
1107 3850 1150 3889 e.
1189 3850 1249 3888 ex
1285 3850 1506 3888 numero
1541 3837 1737 3888 vestro.
1808 3833 1894 3889 cf.
1929 3835 2060 3888 Aen.
2097 3834 2142 3891 I.
2184 3837 2293 3887 171.
2334 3832 2432 3891 HJ.
2469 3835 2586 3886 377.
2621 3831 2717 3885 IX.
2758 3835 2873 3885 271.
2911 3831 3006 3891 xl.

667 3905 783 3956 533.
825 3907 882 3957 et
914 3902 1107 3969 Wagn.
1153 3901 1251 3966 Qu.
1288 3902 1440 3963 vim.
1478 3901 1548 3956 11.
1594 3919 1647 3971 p.
1684 3904 1802 3954 487.
1841 3934 1906 3941 —
1962 3899 2034 3961 37
2071 3919 2184 3971 sqq.
2241 3900 2325 3955 cf.
2363 3900 2582 3954 Theocr.
2619 3898 2746 3957 Vll.
2788 3902 2854 3953 86
2888 3916 3006 3968 sqq.

669 3970 1089 4039 ..Quamcunque
1126 3970 1237 4023 sive
1270 3969 1507 4039 puellam
1547 3970 1658 4023 sive
1693 3985 1917 4048 puerum
1953 3986 2208 4024 amarem.
2244 3985 2365 4023 eum
2401 3967 2735 4036 amplexibus
2771 3970 3008 4021 tenerem

667 4040 769 4093 sub
805 4039 941 4101 vite,
978 4054 1074 4092 nec
1109 4038 1165 4091 in
1199 4054 1433 4092 amorem
1470 4037 1743 4106 Lycoridis
1778 4037 2011 4105 perfidae
2055 4037 2377 4091 incidissem.
2428 4065 2451 4077 -
2474 4064 2498 4076 -
2522 4064 2546 4076 -
2578 4035 2700 4088 Mox
2736 4038 2915 4089 tamen
2955 4051 3007 4087 v.

666 4110 749 4160 42.
784 4106 852 4160 ad
888 4105 1199 4163 Lvooridem
1237 4106 1414 4160 animo
1459 4106 1722 4174 flagrante
1768 4105 1963 4158 redit.“
2012 4106 2190 4171 Heyn.
2257 4103 2529 4157 Wunderl.
2576 4103 2740 4156 verba
2774 4103 2850 4156 sic
2885 4119 3008 4155 con·

666 4174 868 4241 iungit:
919 4163 1190 4243 Phyllis
1222 4174 1308 4227 vel
1345 4175 1657 4241 Amyntas
1701 4180 1793 4225 cst
1826 4172 1989 4226 mihi
2022 4176 2245 4236 furor.
2295 4171 2350 4224 h.
2388 4188 2432 4226 e.
2473 4187 2637 4225 causa
2669 4170 2884 4227 furoris,
2923 4172 3007 4224 fu·

668 4243 806 4297 rioso
843 4258 1024 4296 amore
1058 4257 1092 4295 a
1128 4258 1212 4295 me
1245 4245 1477 4297 amatur.
1521 4241 1642 4295 coll.
1678 4239 1836 4294 obss.
1873 4240 1942 4294 ad
1975 4240 2090 4295 Tib.
2131 4240 2202 4301 Π,
2232 4244 2279 4294 3.
2305 4243 2418 4295 31.:
2455 4238 2549 4292 sed
2586 4239 2785 4293 rectius
2808 4237 3005 4306 Spohn.

666 4310 925 4371 furorem,
963 4312 1027 4362 ut
1061 4308 1190 4363 alibi
1225 4327 1439 4376 curam,
1483 4310 1508 4362 i
1542 4325 1682 4367 nem.
1808 4326 2029 4367 mmam.
2067 4307 2132 4361 de
2169 4307 2351 4376 puella
2386 4306 2471 4360 vel
2509 4322 2673 4374 puero
2708 4310 2888 4360 amato
2927 4306 3008 4361 di·
3095 4322 3102 4328 ·

668 4379 817 4432 ctum
871 4376 1148 4443 intelligit.
1219 4376 1302 4430 Of.
1354 4327 1611 4446 (1111189811
1653 4375 1766 4429 Ec.
1801 4376 1925 4455 0111.
1964 4379 2045 4430 66.
2094 4380 2147 4429 ct
2191 4392 2256 4429 su
2293 4392 2353 4429 ra
2395 4373 2463 4442 ad
2499 4390 2546 4429 v.
2586 4377 2667 4427 22.
2729 4374 3008 4429 adnotavi-

668 4461 807 4499 mus.
844 4477 911 4485 —
945 4443 1034 4504 38.
1072 4447 1329 4509 fuscus,
1367 4444 1477 4498 sole
1513 4443 1757 4501 adustus,
1798 4444 2046 4497 infectus,
2095 4443 2174 4496 (Ὺ.
2282 4445 2420 4497 nott.
2462 4441 2528 4496 ad
2567 4441 2678 4496 Ecl.
2723 4442 2796 4503 11,
2823 4446 2900 4498 16.
2942 4477 2999 4485 -

668 4513 735 4566 V.
771 4510 860 4572 39.
898 4528 959 4567 ex
995 4511 1215 4566 Theocr.
1256 4511 1332 4573 X,
1370 4515 1450 4568 28.
1491 4528 1609 4566 811111
1648 4516 1753 4564 tus,
1826 4511 1905 4565 Cf.
1944 4512 2110 4565 etiam
2145 4511 2257 4564 Ecl.
2295 4510 2375 4569 11,
2421 4513 2501 4564 16.
2543 4512 2623 4564 18.
2681 4510 2860 4581 ibique
2910 4512 3007 4567 ad-

668 4584 807 4635 nott.
843 4580 1044 4645 Hitzig.
1084 4581 1139 4633 in
1176 4578 1375 4659 Rheiqz.
1414 4578 1565 4633 Mus.
1604 4529 1744 4633 RD.
1781 4595 1833 4647 p.
1862 4582 1959 4632 483
1996 4596 2075 4685 sq.
2114 4595 2195 4658 vig.
2234 4581 2327 4656 36..
2350 4581 2405 4631 et
2439 4581 2536 4658 39..
2560 4578 2773 4646 spurios
2807 4585 3003 4637 censet.

668 4679 735 4688 —
767 4646 857 4708 40.
899 4648 1022 4713 „An
1057 4663 1164 4702 non
1199 4664 1438 4718 requiras
1472 4647 1619 4702 lenta
1652 4655 1747 4701 aut
1778 4648 1876 4701 aab
1909 4647 2060 4701 vite..
2114 4647 2215 4701 Vix
2245 4662 2387 4765 en1<n
2420 4647 2623 4702 salaces
2658 4649 2715 4701 et
2747 4647 2879 4703 vicen
2914 4664 3003 4704 eo-
