<?xml version="1.0" encoding="UTF-8"?>
<!DOCTYPE html PUBLIC "-//W3C//DTD XHTML 1.0 Transitional//EN"
    "http://www.w3.org/TR/xhtml1/DTD/xhtml1-transitional.dtd">
<html xmlns="http://www.w3.org/1999/xhtml" xml:lang="en" lang="en">
 <head>
  <title>
</title>
<meta http-equiv="Content-Type" content="text/html;charset=utf-8" />
  <meta name='ocr-system' content='tesseract 3.04.00' />
  <meta name='ocr-capabilities' content='ocr_page ocr_carea ocr_par ocr_line ocrx_word'/>
</head>
<body>
  <div class='ocr_page' id='page_1' title='image "./pvergilimaronis16virggoog_0191.png"; bbox 0 0 3616 5026; ppageno 0'>
   <div class='ocr_carea' id='block_1_1' title="bbox 1515 191 3097 265">
    <p class='ocr_par' dir='ltr' id='par_1_1' title="bbox 1515 191 3097 265">
     <span class='ocr_line' id='line_1_1' title="bbox 1515 191 3097 265; baseline 0.002 -5"><span class='ocrx_word' id='word_1_1' title='bbox 1515 191 2043 262; x_wconf 78' lang='lat' dir='ltr'>GEORGIOON</span> <span class='ocrx_word' id='word_1_2' title='bbox 2082 193 2246 260; x_wconf 91' lang='lat' dir='ltr'><strong>LIB.</strong></span> <span class='ocrx_word' id='word_1_3' title='bbox 2291 194 2339 260; x_wconf 93' lang='lat'><strong>1.</strong></span> <span class='ocrx_word' id='word_1_4' title='bbox 2989 201 3097 265; x_wconf 90' lang='lat'><strong>181</strong></span> 
     </span>
    </p>
   </div>
   <div class='ocr_carea' id='block_1_2' title="bbox 767 355 3100 610">
    <p class='ocr_par' dir='ltr' id='par_1_2' title="bbox 767 355 3100 610">
     <span class='ocr_line' id='line_1_2' title="bbox 769 355 3100 447; baseline 0.003 -26"><span class='ocrx_word' id='word_1_5' title='bbox 769 355 946 422; x_wconf 89' lang='lat' dir='ltr'><strong>Hinc</strong></span> <span class='ocrx_word' id='word_1_6' title='bbox 989 379 1224 425; x_wconf 86' lang='lat' dir='ltr'><strong>canere</strong></span> <span class='ocrx_word' id='word_1_7' title='bbox 1263 361 1591 447; x_wconf 88' lang='lat' dir='ltr'><strong>incipiam.</strong></span> <span class='ocrx_word' id='word_1_8' title='bbox 1634 360 1791 443; x_wconf 88' lang='lat' dir='ltr'><strong>Vos,</strong></span> <span class='ocrx_word' id='word_1_9' title='bbox 1837 384 1873 426; x_wconf 94' lang='lat' dir='ltr'><strong>o</strong></span> <span class='ocrx_word' id='word_1_10' title='bbox 1919 359 2315 426; x_wconf 86' lang='lat' dir='ltr'><strong>clarrissima</strong></span> <span class='ocrx_word' id='word_1_11' title='bbox 2357 361 2582 427; x_wconf 80' lang='lat' dir='ltr'><strong>mundi</strong></span> <span class='ocrx_word' id='word_1_12' title='bbox 3071 378 3100 427; x_wconf 81' lang='lat'>5</span> 
     </span>
     <span class='ocr_line' id='line_1_3' title="bbox 769 439 2446 531; baseline 0.003 -27"><span class='ocrx_word' id='word_1_13' title='bbox 769 439 1074 524; x_wconf 86' lang='lat' dir='ltr'><strong>Lumina,</strong></span> <span class='ocrx_word' id='word_1_14' title='bbox 1116 442 1440 508; x_wconf 88' lang='lat' dir='ltr'><strong>labentem</strong></span> <span class='ocrx_word' id='word_1_15' title='bbox 1483 442 1661 509; x_wconf 87' lang='lat' dir='ltr'><strong>caelo</strong></span> <span class='ocrx_word' id='word_1_16' title='bbox 1705 466 1870 531; x_wconf 87' lang='lat' dir='ltr'><strong>quae</strong></span> <span class='ocrx_word' id='word_1_17' title='bbox 1912 444 2147 510; x_wconf 88' lang='lat' dir='ltr'><strong>ducitis</strong></span> <span class='ocrx_word' id='word_1_18' title='bbox 2187 467 2446 525; x_wconf 89' lang='lat' dir='ltr'><strong>annum,</strong></span> 
     </span>
     <span class='ocr_line' id='line_1_4' title="bbox 767 522 2446 610; baseline 0.002 -22"><span class='ocrx_word' id='word_1_19' title='bbox 767 522 969 589; x_wconf 91' lang='lat' dir='ltr'><strong>Liber</strong></span> <span class='ocrx_word' id='word_1_20' title='bbox 1013 537 1078 590; x_wconf 89' lang='lat' dir='ltr'><strong>et</strong></span> <span class='ocrx_word' id='word_1_21' title='bbox 1118 525 1290 591; x_wconf 80' lang='lat' dir='ltr'><strong>alma</strong></span> <span class='ocrx_word' id='word_1_22' title='bbox 1336 527 1556 610; x_wconf 85' lang='lat' dir='ltr'><strong>Ceres,</strong></span> <span class='ocrx_word' id='word_1_23' title='bbox 1598 540 1815 593; x_wconf 83' lang='lat' dir='ltr'><strong>vestro</strong></span> <span class='ocrx_word' id='word_1_24' title='bbox 1859 530 1915 593; x_wconf 88' lang='lat' dir='ltr'><strong>si</strong></span> <span class='ocrx_word' id='word_1_25' title='bbox 1954 550 2217 593; x_wconf 86' lang='lat' dir='ltr'><strong>munere</strong></span> <span class='ocrx_word' id='word_1_26' title='bbox 2258 527 2446 592; x_wconf 89' lang='lat' dir='ltr'><strong>tellus</strong></span> 
     </span>
    </p>
   </div>
   <div class='ocr_carea' id='block_1_3' title="bbox 768 702 1186 715">
    <p class='ocr_par' dir='ltr' id='par_1_3' title="bbox 768 702 1186 715">
     <span class='ocr_line' id='line_1_5' title="bbox 768 702 1186 715; baseline 0 0"><span class='ocrx_word' id='word_1_27' title='bbox 768 702 1186 715; x_wconf 95' lang='lat' dir='ltr'><strong> </strong></span> 
     </span>
    </p>
   </div>
   <div class='ocr_carea' id='block_1_4' title="bbox 760 807 3100 1473">
    <p class='ocr_par' dir='ltr' id='par_1_4' title="bbox 760 807 3100 1473">
     <span class='ocr_line' id='line_1_6' title="bbox 766 807 3100 882; baseline 0.002 -22"><span class='ocrx_word' id='word_1_28' title='bbox 766 807 857 861; x_wconf 89' lang='lat' dir='ltr'><strong>sit.</strong></span> <span class='ocrx_word' id='word_1_29' title='bbox 928 807 1033 862; x_wconf 90' lang='lat' dir='ltr'><strong>Pro</strong></span> <span class='ocrx_word' id='word_1_30' title='bbox 1073 826 1210 863; x_wconf 76' lang='lat' dir='ltr'><strong>ewra</strong></span> <span class='ocrx_word' id='word_1_31' title='bbox 1246 810 1520 865; x_wconf 80' lang='lat' dir='ltr'><strong>subiunxit</strong></span> <span class='ocrx_word' id='word_1_32' title='bbox 1556 811 1720 877; x_wconf 83' lang='lat' dir='ltr'><strong>aliud,</strong></span> <span class='ocrx_word' id='word_1_33' title='bbox 1758 813 1897 882; x_wconf 89' lang='lat' dir='ltr'><strong>quod</strong></span> <span class='ocrx_word' id='word_1_34' title='bbox 1935 829 2096 882; x_wconf 90' lang='lat' dir='ltr'><strong>apum</strong></span> <span class='ocrx_word' id='word_1_35' title='bbox 2130 812 2299 867; x_wconf 87' lang='lat' dir='ltr'><strong>cultui</strong></span> <span class='ocrx_word' id='word_1_36' title='bbox 2332 811 2786 866; x_wconf 83' lang='lat' dir='ltr'><strong>accommodatum</strong></span> <span class='ocrx_word' id='word_1_37' title='bbox 2813 815 2970 872; x_wconf 88' lang='lat' dir='ltr'><strong>esset,</strong></span> <span class='ocrx_word' id='word_1_38' title='bbox 3014 829 3100 865; x_wconf 85' lang='lat' dir='ltr'><strong>ex-</strong></span> 
     </span>
     <span class='ocr_line' id='line_1_7' title="bbox 766 875 3099 949; baseline 0.001 -20"><span class='ocrx_word' id='word_1_39' title='bbox 766 875 1083 944; x_wconf 85' lang='lat' dir='ltr'><strong>perientiam</strong></span> <span class='ocrx_word' id='word_1_40' title='bbox 1119 882 1174 931; x_wconf 90' lang='lat' dir='ltr'><strong>et</strong></span> <span class='ocrx_word' id='word_1_41' title='bbox 1210 894 1367 933; x_wconf 85' lang='lat' dir='ltr'><strong>usum</strong></span> <span class='ocrx_word' id='word_1_42' title='bbox 1422 895 1601 933; x_wconf 87' lang='lat' dir='ltr'><strong>curam</strong></span> <span class='ocrx_word' id='word_1_43' title='bbox 1637 896 1695 934; x_wconf 82' lang='lat' dir='ltr'><strong>ex</strong></span> <span class='ocrx_word' id='word_1_44' title='bbox 1737 881 1960 935; x_wconf 85' lang='lat' dir='ltr'><strong>erientia</strong></span> <span class='ocrx_word' id='word_1_45' title='bbox 2008 881 2313 947; x_wconf 76' lang='lat' dir='ltr'><strong>nitenteml,</strong></span> <span class='ocrx_word' id='word_1_46' title='bbox 2362 896 2467 949; x_wconf 82' lang='lat' dir='ltr'><strong>quo</strong></span> <span class='ocrx_word' id='word_1_47' title='bbox 2512 879 2926 933; x_wconf 86' lang='lat' dir='ltr'><strong>mellificationis</strong></span> <span class='ocrx_word' id='word_1_48' title='bbox 2963 880 3099 932; x_wconf 88' lang='lat' dir='ltr'><strong>ratio</strong></span> 
     </span>
     <span class='ocr_line' id='line_1_8' title="bbox 763 897 3100 1024; baseline 0.001 -28"><span class='ocrx_word' id='word_1_49' title='bbox 763 943 922 1023; x_wconf 69' lang='lat' dir='ltr'><strong>valde</strong></span> <span class='ocrx_word' id='word_1_50' title='bbox 956 943 1171 1024; x_wconf 75' lang='lat' dir='ltr'><strong>exculta</strong></span> <span class='ocrx_word' id='word_1_51' title='bbox 1203 949 1304 1000; x_wconf 89' lang='lat' dir='ltr'><strong>est.</strong></span> <span class='ocrx_word' id='word_1_52' title='bbox 1445 986 1458 999; x_wconf 91' lang='lat'><strong>.</strong></span> <span class='ocrx_word' id='word_1_53' title='bbox 1497 946 1624 1001; x_wconf 87' lang='lat' dir='ltr'><strong>Ge0.</strong></span> <span class='ocrx_word' id='word_1_54' title='bbox 1665 897 1758 1003; x_wconf 51' lang='lat' dir='ltr'><strong>Iss.</strong></span> <span class='ocrx_word' id='word_1_55' title='bbox 1799 950 1914 1007; x_wconf 84' lang='grc'><strong>315,</strong></span> <span class='ocrx_word' id='word_1_56' title='bbox 1953 952 2068 1001; x_wconf 93' lang='grc'><strong>316.</strong></span> <span class='ocrx_word' id='word_1_57' title='bbox 2141 948 2280 1002; x_wconf 83' lang='lat' dir='ltr'><strong>Nam</strong></span> <span class='ocrx_word' id='word_1_58' title='bbox 2318 963 2480 1017; x_wconf 84' lang='lat' dir='ltr'><strong>apum</strong></span> <span class='ocrx_word' id='word_1_59' title='bbox 2517 948 2856 1017; x_wconf 79' lang='lat' dir='ltr'>experientia,</span> <span class='ocrx_word' id='word_1_60' title='bbox 2894 946 3000 1000; x_wconf 91' lang='lat' dir='ltr'><strong>etsi</strong></span> <span class='ocrx_word' id='word_1_61' title='bbox 3035 947 3100 999; x_wconf 82' lang='lat' dir='ltr'><strong>iis</strong></span> 
     </span>
     <span class='ocr_line' id='line_1_9' title="bbox 765 1011 3099 1086; baseline 0 -21"><span class='ocrx_word' id='word_1_62' title='bbox 765 1011 949 1079; x_wconf 73' lang='lat' dir='ltr'><strong>aliqua</strong></span> <span class='ocrx_word' id='word_1_63' title='bbox 981 1013 1151 1066; x_wconf 76' lang='lat' dir='ltr'><strong>tribui</strong></span> <span class='ocrx_word' id='word_1_64' title='bbox 1222 1016 1365 1067; x_wconf 88' lang='lat' dir='ltr'><strong>otest</strong></span> <span class='ocrx_word' id='word_1_65' title='bbox 1403 1014 1533 1081; x_wconf 78' lang='lat' dir='ltr'><strong>(vid.</strong></span> <span class='ocrx_word' id='word_1_66' title='bbox 1569 1015 1712 1068; x_wconf 84' lang='lat' dir='ltr'><strong>infra</strong></span> <span class='ocrx_word' id='word_1_67' title='bbox 1743 1015 1836 1079; x_wconf 77' lang='lat' dir='ltr'><strong>IV,</strong></span> <span class='ocrx_word' id='word_1_68' title='bbox 1885 1020 1976 1068; x_wconf 84' lang='lat'><strong>156</strong></span> <span class='ocrx_word' id='word_1_69' title='bbox 2012 1020 2169 1086; x_wconf 65' lang='lat' dir='ltr'><strong>sqq),</strong></span> <span class='ocrx_word' id='word_1_70' title='bbox 2206 1015 2310 1069; x_wconf 90' lang='lat' dir='ltr'><strong>huc</strong></span> <span class='ocrx_word' id='word_1_71' title='bbox 2343 1016 2521 1069; x_wconf 83' lang='lat' dir='ltr'><strong>vocari</strong></span> <span class='ocrx_word' id='word_1_72' title='bbox 2558 1014 2804 1085; x_wconf 81' lang='lat' dir='ltr'><strong>nequit.“</strong></span> <span class='ocrx_word' id='word_1_73' title='bbox 2843 1015 3099 1084; x_wconf 61' lang='lat' dir='ltr'><strong>Hem.—</strong></span> 
     </span>
     <span class='ocr_line' id='line_1_10' title="bbox 762 1079 3099 1203; baseline 0.002 -72"><span class='ocrx_word' id='word_1_74' title='bbox 762 1079 1034 1159; x_wconf 48' lang='lat' dir='ltr'><strong>parcis,</strong></span> <span class='ocrx_word' id='word_1_75' title='bbox 1060 1097 1131 1149; x_wconf 90' lang='lat' dir='ltr'><strong>qu</strong></span> <span class='ocrx_word' id='word_1_76' title='bbox 1235 1083 1383 1151; x_wconf 87' lang='lat' dir='ltr'><strong>prius</strong></span> <span class='ocrx_word' id='word_1_77' title='bbox 1420 1098 1539 1136; x_wconf 90' lang='lat' dir='ltr'><strong>cum</strong></span> <span class='ocrx_word' id='word_1_78' title='bbox 1565 1081 1756 1151; x_wconf 80' lang='lat' dir='ltr'><strong>Wagn.</strong></span> <span class='ocrx_word' id='word_1_79' title='bbox 1793 1083 2017 1153; x_wconf 80' lang='lat' dir='ltr'><strong>explicui</strong></span> <span class='ocrx_word' id='word_1_80' title='bbox 2057 1089 2327 1143; x_wconf 76' lang='grc' dir='ltr'><em>σπανίως</em></span> <span class='ocrx_word' id='word_1_81' title='bbox 2351 1084 2659 1203; x_wconf 46' lang='lat' dir='ltr'><strong>{parua-Ic),</strong></span> <span class='ocrx_word' id='word_1_82' title='bbox 2697 1081 2815 1136; x_wconf 88' lang='lat' dir='ltr'><strong>coll.</strong></span> <span class='ocrx_word' id='word_1_83' title='bbox 2841 1082 2969 1136; x_wconf 87' lang='lat' dir='ltr'><strong>Geo.</strong></span> <span class='ocrx_word' id='word_1_84' title='bbox 2995 1083 3099 1145; x_wconf 88' lang='grc' dir='ltr'><strong>ΠΙ,</strong></span> 
     </span>
     <span class='ocr_line' id='line_1_11' title="bbox 764 1148 3096 1218; baseline 0.001 -18"><span class='ocrx_word' id='word_1_85' title='bbox 764 1150 903 1209; x_wconf 85' lang='grc'><strong>403.,</strong></span> <span class='ocrx_word' id='word_1_86' title='bbox 943 1148 1036 1201; x_wconf 77' lang='lat' dir='ltr'><strong>ubi</strong></span> <span class='ocrx_word' id='word_1_87' title='bbox 1073 1166 1307 1217; x_wconf 81' lang='lat' dir='ltr'><strong>parcum</strong></span> <span class='ocrx_word' id='word_1_88' title='bbox 1340 1150 1445 1212; x_wconf 75' lang='lat' dir='ltr'><strong>eal,</strong></span> <span class='ocrx_word' id='word_1_89' title='bbox 1481 1166 1638 1211; x_wconf 90' lang='lat' dir='ltr'><strong>nunc,</strong></span> <span class='ocrx_word' id='word_1_90' title='bbox 1675 1150 1895 1204; x_wconf 87' lang='lat' dir='ltr'><strong>meliora</strong></span> <span class='ocrx_word' id='word_1_91' title='bbox 1927 1151 2162 1215; x_wconf 78' lang='lat' dir='ltr'><strong>edoctuS‚</strong></span> <span class='ocrx_word' id='word_1_92' title='bbox 2203 1167 2322 1204; x_wconf 87' lang='lat' dir='ltr'><strong>cum</strong></span> <span class='ocrx_word' id='word_1_93' title='bbox 2397 1151 2565 1204; x_wconf 87' lang='lat' dir='ltr'><strong>adew.</strong></span> <span class='ocrx_word' id='word_1_94' title='bbox 2592 1156 2648 1205; x_wconf 89' lang='lat' dir='ltr'><strong>et</strong></span> <span class='ocrx_word' id='word_1_95' title='bbox 2662 1149 2894 1204; x_wconf 88' lang='lat' dir='ltr'><strong>Ameisio</strong></span> <span class='ocrx_word' id='word_1_96' title='bbox 2919 1149 3096 1218; x_wconf 86' lang='lat' dir='ltr'><strong>Spicil.</strong></span> 
     </span>
     <span class='ocr_line' id='line_1_12' title="bbox 762 1215 3100 1288; baseline 0.002 -20"><span class='ocrx_word' id='word_1_97' title='bbox 762 1231 813 1283; x_wconf 88' lang='lat' dir='ltr'><strong>p.</strong></span> <span class='ocrx_word' id='word_1_98' title='bbox 857 1217 938 1268; x_wconf 89' lang='grc'><strong>16.</strong></span> <span class='ocrx_word' id='word_1_99' title='bbox 975 1215 1302 1286; x_wconf 86' lang='lat' dir='ltr'><strong>interpretor</strong></span> <span class='ocrx_word' id='word_1_100' title='bbox 1337 1218 1703 1285; x_wconf 75' lang='lat' dir='ltr'><strong>parcentibuS,</strong></span> <span class='ocrx_word' id='word_1_101' title='bbox 1742 1219 2106 1288; x_wconf 59' lang='grc' dir='ltr'><strong><em>φειδομένως</em></strong></span> <span class='ocrx_word' id='word_1_102' title='bbox 2146 1218 2474 1286; x_wconf 78' lang='grc' dir='ltr'><strong><em>παρεόντων</em></strong></span> <span class='ocrx_word' id='word_1_103' title='bbox 2512 1228 2801 1288; x_wconf 71' lang='lat' dir='ltr'><strong>(sparsam,</strong></span> <span class='ocrx_word' id='word_1_104' title='bbox 2840 1218 3100 1272; x_wconf 63' lang='lat' dir='ltr'><strong>hau-skel-</strong></span> 
     </span>
     <span class='ocr_line' id='line_1_13' title="bbox 763 1283 3096 1366; baseline 0.001 -31"><span class='ocrx_word' id='word_1_105' title='bbox 763 1283 997 1346; x_wconf 62' lang='lat' dir='ltr'><strong>mola),</strong></span> <span class='ocrx_word' id='word_1_106' title='bbox 1034 1284 1295 1353; x_wconf 88' lang='lat' dir='ltr'><strong>quomodo</strong></span> <span class='ocrx_word' id='word_1_107' title='bbox 1331 1285 1496 1340; x_wconf 88' lang='lat' dir='ltr'><strong>etiam</strong></span> <span class='ocrx_word' id='word_1_108' title='bbox 1516 1286 1814 1366; x_wconf 79' lang='lat' dir='ltr'><strong>Conington</strong></span> <span class='ocrx_word' id='word_1_109' title='bbox 1852 1286 2066 1341; x_wconf 83' lang='lat' dir='ltr'><strong>videtur</strong></span> <span class='ocrx_word' id='word_1_110' title='bbox 2100 1302 2302 1355; x_wconf 89' lang='lat' dir='ltr'><strong>capere,</strong></span> <span class='ocrx_word' id='word_1_111' title='bbox 2340 1302 2461 1340; x_wconf 89' lang='lat' dir='ltr'><strong>cum</strong></span> <span class='ocrx_word' id='word_1_112' title='bbox 2498 1285 2544 1340; x_wconf 92' lang='lat' dir='ltr'><strong>ei</strong></span> <span class='ocrx_word' id='word_1_113' title='bbox 2568 1285 2815 1339; x_wconf 84' lang='lat' dir='ltr'><strong>videatur</strong></span> <span class='ocrx_word' id='word_1_114' title='bbox 2852 1327 2864 1347; x_wconf 99' lang='lat'>,</span> <span class='ocrx_word' id='word_1_115' title='bbox 2888 1304 2963 1338; x_wconf 79' lang='lat' dir='ltr'><strong>an</strong></span> <span class='ocrx_word' id='word_1_116' title='bbox 2985 1285 3096 1354; x_wconf 77' lang='lat' dir='ltr'><strong>epi-</strong></span> 
     </span>
     <span class='ocr_line' id='line_1_14' title="bbox 760 1350 3099 1473; baseline 0 -70"><span class='ocrx_word' id='word_1_117' title='bbox 760 1350 871 1403; x_wconf 71' lang='lat' dir='ltr'><strong>thet</strong></span> <span class='ocrx_word' id='word_1_118' title='bbox 904 1351 1211 1473; x_wconf 55' lang='lat' dir='ltr'><strong>indicatiulq</strong></span> <span class='ocrx_word' id='word_1_119' title='bbox 1244 1352 1331 1405; x_wconf 71' lang='lat' dir='ltr'><strong>the</strong></span> <span class='ocrx_word' id='word_1_120' title='bbox 1370 1353 1462 1407; x_wconf 82' lang='lat' dir='ltr'><strong>hee</strong></span> <span class='ocrx_word' id='word_1_121' title='bbox 1493 1372 1557 1407; x_wconf 75' lang='grc' dir='ltr'><strong>αε</strong></span> <span class='ocrx_word' id='word_1_122' title='bbox 1594 1354 1637 1406; x_wconf 79' lang='lat' dir='ltr'><strong>it</strong></span> <span class='ocrx_word' id='word_1_123' title='bbox 1670 1372 1718 1406; x_wconf 68' lang='grc' dir='ltr'>ω</span> <span class='ocrx_word' id='word_1_124' title='bbox 1751 1355 1811 1407; x_wconf 78' lang='lat' dir='ltr'><strong>iu</strong></span> <span class='ocrx_word' id='word_1_125' title='bbox 1843 1353 2024 1419; x_wconf 70' lang='lat' dir='ltr'><strong>itself,</strong></span> <span class='ocrx_word' id='word_1_126' title='bbox 2068 1362 2164 1407; x_wconf 79' lang='lat' dir='ltr'><strong>not</strong></span> <span class='ocrx_word' id='word_1_127' title='bbox 2206 1371 2270 1407; x_wconf 75' lang='lat' dir='ltr'><strong>as</strong></span> <span class='ocrx_word' id='word_1_128' title='bbox 2312 1371 2382 1406; x_wconf 80' lang='grc' dir='ltr'><strong>απ</strong></span> <span class='ocrx_word' id='word_1_129' title='bbox 2430 1354 2606 1422; x_wconf 81' lang='lat' dir='ltr'><strong>object</strong></span> <span class='ocrx_word' id='word_1_130' title='bbox 2648 1354 2726 1433; x_wconf 68' lang='grc' dir='ltr'><strong>ρ]</strong></span> <span class='ocrx_word' id='word_1_131' title='bbox 2757 1353 2829 1432; x_wconf 60' lang='lat' dir='ltr'><strong>its</strong></span> <span class='ocrx_word' id='word_1_132' title='bbox 2997 1353 3099 1405; x_wconf 77' lang='lat' dir='ltr'><strong>er‘s</strong></span> 
     </span>
    </p>
   </div>
   <div class='ocr_carea' id='block_1_5' title="bbox 758 1419 3100 1627">
    <p class='ocr_par' dir='ltr' id='par_1_5' title="bbox 758 1419 3100 1627">
     <span class='ocr_line' id='line_1_15' title="bbox 764 1419 3100 1503; baseline 0.001 -32"><span class='ocrx_word' id='word_1_133' title='bbox 764 1420 948 1472; x_wconf 81' lang='lat' dir='ltr'><strong>care.“</strong></span> <span class='ocrx_word' id='word_1_134' title='bbox 988 1419 1140 1472; x_wconf 78' lang='lat' dir='ltr'><strong>Cous.</strong></span> <span class='ocrx_word' id='word_1_135' title='bbox 1205 1419 1302 1474; x_wconf 85' lang='lat' dir='ltr'><strong>lin.</strong></span> <span class='ocrx_word' id='word_1_136' title='bbox 1337 1419 1432 1485; x_wconf 86' lang='lat' dir='ltr'><strong>XI,</strong></span> <span class='ocrx_word' id='word_1_137' title='bbox 1478 1426 1555 1485; x_wconf 84' lang='lat'><strong>19,</strong></span> <span class='ocrx_word' id='word_1_138' title='bbox 1592 1424 1676 1503; x_wconf 80' lang='lat'><strong>²¹:</strong></span> <span class='ocrx_word' id='word_1_139' title='bbox 1718 1420 1904 1475; x_wconf 75' lang='lat' dir='ltr'><strong>Cetera</strong></span> <span class='ocrx_word' id='word_1_140' title='bbox 1931 1439 2265 1503; x_wconf 53' lang='lat' dir='ltr'><strong>perparvae,</strong></span> <span class='ocrx_word' id='word_1_141' title='bbox 2315 1428 2368 1474; x_wconf 77' lang='lat' dir='ltr'><strong>et</strong></span> <span class='ocrx_word' id='word_1_142' title='bbox 2398 1438 2543 1491; x_wconf 75' lang='lat' dir='ltr'><strong>qnae</strong></span> <span class='ocrx_word' id='word_1_143' title='bbox 2580 1421 2794 1500; x_wconf 61' lang='lat' dir='ltr'><strong>alioqu:</strong></span> <span class='ocrx_word' id='word_1_144' title='bbox 2821 1437 2899 1499; x_wconf 76' lang='lat' dir='ltr'><strong>pr</strong></span> <span class='ocrx_word' id='word_1_145' title='bbox 2992 1420 3003 1431; x_wconf 73' lang='grc'><strong><em>·</em></strong></span> <span class='ocrx_word' id='word_1_146' title='bbox 3034 1436 3100 1499; x_wconf 70' lang='lat' dir='ltr'><strong>qs</strong></span> 
     </span>
     <span class='ocr_line' id='line_1_16' title="bbox 791 1487 3097 1569; baseline 0 -30"><span class='ocrx_word' id='word_1_147' title='bbox 791 1552 804 1564; x_wconf 29' lang='grc' dir='ltr'>ι</span> <span class='ocrx_word' id='word_1_148' title='bbox 894 1503 922 1539; x_wconf 81' lang='lat' dir='ltr'><strong>e</strong></span> <span class='ocrx_word' id='word_1_149' title='bbox 947 1487 1142 1565; x_wconf 50' lang='lat' dir='ltr'><strong>edaces</strong></span> <span class='ocrx_word' id='word_1_150' title='bbox 1176 1506 1288 1541; x_wconf 79' lang='lat' dir='ltr'><strong>non</strong></span> <span class='ocrx_word' id='word_1_151' title='bbox 1322 1506 1474 1542; x_wconf 76' lang='lat' dir='ltr'><strong>secus</strong></span> <span class='ocrx_word' id='word_1_152' title='bbox 1491 1507 1576 1569; x_wconf 39' lang='lat' dir='ltr'><strong>‚ac</strong></span> <span class='ocrx_word' id='word_1_153' title='bbox 1611 1507 1803 1557; x_wconf 66' lang='lat' dir='ltr'><strong>payrae</strong></span> <span class='ocrx_word' id='word_1_154' title='bbox 2004 1491 2592 1569; x_wconf 69' lang='lat' dir='ltr'><strong>zynavasproturbent.</strong></span> <span class='ocrx_word' id='word_1_155' title='bbox 2618 1488 2720 1567; x_wconf 78' lang='lat' dir='ltr'><strong>Hic</strong></span> <span class='ocrx_word' id='word_1_156' title='bbox 2751 1503 2892 1542; x_wconf 88' lang='lat' dir='ltr'><strong>emm</strong></span> <span class='ocrx_word' id='word_1_157' title='bbox 2920 1503 3097 1557; x_wconf 75' lang='lat' dir='ltr'><strong>requi-</strong></span> 
     </span>
     <span class='ocr_line' id='line_1_17' title="bbox 758 1553 3094 1627; baseline 0.001 -21"><span class='ocrx_word' id='word_1_158' title='bbox 758 1556 901 1607; x_wconf 84' lang='lat' dir='ltr'><strong>ntur</strong></span> <span class='ocrx_word' id='word_1_159' title='bbox 925 1553 1200 1623; x_wconf 74' lang='lat' dir='ltr'><strong>epitheton</strong></span> <span class='ocrx_word' id='word_1_160' title='bbox 1223 1555 1291 1609; x_wconf 90' lang='lat' dir='ltr'><strong>ad</strong></span> <span class='ocrx_word' id='word_1_161' title='bbox 1310 1572 1471 1625; x_wconf 89' lang='lat' dir='ltr'><strong>apum</strong></span> <span class='ocrx_word' id='word_1_162' title='bbox 1488 1555 1719 1611; x_wconf 78' lang='lat' dir='ltr'><strong>indolem</strong></span> <span class='ocrx_word' id='word_1_163' title='bbox 1737 1561 1794 1611; x_wconf 87' lang='lat' dir='ltr'><strong>et</strong></span> <span class='ocrx_word' id='word_1_164' title='bbox 1810 1573 1881 1611; x_wconf 85' lang='lat' dir='ltr'><strong>na</strong></span> <span class='ocrx_word' id='word_1_165' title='bbox 2074 1573 2284 1627; x_wconf 81' lang='lat' dir='ltr'><strong>propne</strong></span> <span class='ocrx_word' id='word_1_166' title='bbox 2304 1561 2571 1626; x_wconf 80' lang='lat' dir='ltr'><strong>spectans,</strong></span> <span class='ocrx_word' id='word_1_167' title='bbox 2598 1559 2744 1609; x_wconf 76' lang='lat' dir='ltr'><strong>notro</strong></span> <span class='ocrx_word' id='word_1_168' title='bbox 2759 1558 2959 1618; x_wconf 83' lang='lat' dir='ltr'><strong>autem,</strong></span> <span class='ocrx_word' id='word_1_169' title='bbox 2981 1571 3094 1609; x_wconf 90' lang='lat' dir='ltr'><strong>rem</strong></span> 
     </span>
    </p>
   </div>
   <div class='ocr_carea' id='block_1_6' title="bbox 747 1620 3096 4673">
    <p class='ocr_par' dir='ltr' id='par_1_6' title="bbox 747 1620 3096 4673">
     <span class='ocr_line' id='line_1_18' title="bbox 760 1620 3096 1744; baseline 0 -69"><span class='ocrx_word' id='word_1_170' title='bbox 760 1620 1050 1675; x_wconf 76' lang='lat' dir='ltr'><strong>admodum</strong></span> <span class='ocrx_word' id='word_1_171' title='bbox 1090 1621 1363 1677; x_wconf 85' lang='lat' dir='ltr'><strong>difficilem</strong></span> <span class='ocrx_word' id='word_1_172' title='bbox 1399 1640 1513 1678; x_wconf 89' lang='lat' dir='ltr'><strong>esse</strong></span> <span class='ocrx_word' id='word_1_173' title='bbox 1547 1625 1807 1693; x_wconf 80' lang='lat' dir='ltr'>apiarium</span> <span class='ocrx_word' id='word_1_174' title='bbox 1845 1626 2112 1695; x_wconf 87' lang='lat' dir='ltr'><strong>copiosum</strong></span> <span class='ocrx_word' id='word_1_175' title='bbox 2148 1640 2358 1679; x_wconf 81' lang='lat' dir='ltr'><strong>servare</strong></span> <span class='ocrx_word' id='word_1_176' title='bbox 2396 1627 2557 1744; x_wconf 53' lang='lat' dir='ltr'><strong>atqpe</strong></span> <span class='ocrx_word' id='word_1_177' title='bbox 2592 1623 2724 1677; x_wconf 86' lang='lat' dir='ltr'><strong>adeo</strong></span> <span class='ocrx_word' id='word_1_178' title='bbox 2742 1639 2953 1692; x_wconf 83' lang='lat' dir='ltr'><strong>augere,</strong></span> <span class='ocrx_word' id='word_1_179' title='bbox 2990 1637 3096 1675; x_wconf 90' lang='lat' dir='ltr'><strong>non</strong></span> 
     </span>
     <span class='ocr_line' id='line_1_19' title="bbox 759 1687 3092 1762; baseline 0 -21"><span class='ocrx_word' id='word_1_180' title='bbox 759 1687 934 1742; x_wconf 87' lang='lat' dir='ltr'><strong>solum</strong></span> <span class='ocrx_word' id='word_1_181' title='bbox 965 1690 1035 1743; x_wconf 91' lang='lat' dir='ltr'><strong>ab</strong></span> <span class='ocrx_word' id='word_1_182' title='bbox 1070 1688 1171 1743; x_wconf 90' lang='lat' dir='ltr'><strong>hoc</strong></span> <span class='ocrx_word' id='word_1_183' title='bbox 1205 1690 1344 1755; x_wconf 89' lang='lat' dir='ltr'><strong>loco,</strong></span> <span class='ocrx_word' id='word_1_184' title='bbox 1385 1691 1480 1747; x_wconf 85' lang='lat' dir='ltr'><strong>sed</strong></span> <span class='ocrx_word' id='word_1_185' title='bbox 1514 1692 1676 1746; x_wconf 88' lang='lat' dir='ltr'><strong>etiam</strong></span> <span class='ocrx_word' id='word_1_186' title='bbox 1709 1692 1779 1746; x_wconf 91' lang='lat' dir='ltr'><strong>ab</strong></span> <span class='ocrx_word' id='word_1_187' title='bbox 1820 1693 1901 1755; x_wconf 88' lang='lat' dir='ltr'><strong>iis,</strong></span> <span class='ocrx_word' id='word_1_188' title='bbox 1939 1708 2075 1762; x_wconf 89' lang='lat' dir='ltr'><strong>quae</strong></span> <span class='ocrx_word' id='word_1_189' title='bbox 2111 1692 2176 1746; x_wconf 90' lang='lat' dir='ltr'><strong>de</strong></span> <span class='ocrx_word' id='word_1_190' title='bbox 2208 1692 2310 1746; x_wconf 87' lang='lat' dir='ltr'><strong>hac</strong></span> <span class='ocrx_word' id='word_1_191' title='bbox 2343 1707 2400 1746; x_wconf 87' lang='lat' dir='ltr'><strong>re</strong></span> <span class='ocrx_word' id='word_1_192' title='bbox 2435 1691 2474 1744; x_wconf 93' lang='lat' dir='ltr'><strong>h</strong></span> <span class='ocrx_word' id='word_1_193' title='bbox 2516 1707 2573 1744; x_wconf 93' lang='lat' dir='ltr'><strong>ro</strong></span> <span class='ocrx_word' id='word_1_194' title='bbox 2606 1690 2700 1745; x_wconf 87' lang='lat' dir='ltr'><strong>IV.</strong></span> <span class='ocrx_word' id='word_1_195' title='bbox 2740 1706 2769 1744; x_wconf 90' lang='lat' dir='ltr'><strong>e</strong></span> <span class='ocrx_word' id='word_1_196' title='bbox 2873 1694 3092 1751; x_wconf 87' lang='lat' dir='ltr'><strong>uuntur,</strong></span> 
     </span>
     <span class='ocr_line' id='line_1_20' title="bbox 760 1756 3094 1829; baseline 0.001 -20"><span class='ocrx_word' id='word_1_197' title='bbox 760 1756 851 1811; x_wconf 88' lang='lat' dir='ltr'><strong>ubi</strong></span> <span class='ocrx_word' id='word_1_198' title='bbox 890 1773 1155 1826; x_wconf 88' lang='lat' dir='ltr'><strong>nusquam</strong></span> <span class='ocrx_word' id='word_1_199' title='bbox 1192 1758 1258 1812; x_wconf 91' lang='lat' dir='ltr'><strong>de</strong></span> <span class='ocrx_word' id='word_1_200' title='bbox 1293 1758 1494 1829; x_wconf 91' lang='lat' dir='ltr'><strong>apiario</strong></span> <span class='ocrx_word' id='word_1_201' title='bbox 1528 1759 1667 1813; x_wconf 88' lang='lat' dir='ltr'><strong>infre</strong></span> <span class='ocrx_word' id='word_1_202' title='bbox 1706 1761 1856 1814; x_wconf 89' lang='lat' dir='ltr'><strong>uenti</strong></span> <span class='ocrx_word' id='word_1_203' title='bbox 1889 1759 2133 1827; x_wconf 80' lang='lat' dir='ltr'><strong>augendo</strong></span> <span class='ocrx_word' id='word_1_204' title='bbox 2170 1775 2343 1814; x_wconf 88' lang='lat' dir='ltr'><strong>sermo</strong></span> <span class='ocrx_word' id='word_1_205' title='bbox 2384 1762 2485 1821; x_wconf 85' lang='lat' dir='ltr'><strong>est,</strong></span> <span class='ocrx_word' id='word_1_206' title='bbox 2525 1758 2702 1813; x_wconf 86' lang='lat' dir='ltr'><strong>aliena</strong></span> <span class='ocrx_word' id='word_1_207' title='bbox 2735 1758 2788 1811; x_wconf 79' lang='lat' dir='ltr'><strong>vi</strong></span> <span class='ocrx_word' id='word_1_208' title='bbox 2826 1761 2965 1812; x_wconf 89' lang='lat' dir='ltr'><strong>etur.</strong></span> <span class='ocrx_word' id='word_1_209' title='bbox 3004 1757 3094 1811; x_wconf 90' lang='lat' dir='ltr'><strong>Li-</strong></span> 
     </span>
     <span class='ocr_line' id='line_1_21' title="bbox 758 1823 3091 1907; baseline 0.001 -31"><span class='ocrx_word' id='word_1_210' title='bbox 758 1824 843 1877; x_wconf 86' lang='lat' dir='ltr'><strong>bri</strong></span> <span class='ocrx_word' id='word_1_211' title='bbox 879 1823 1098 1893; x_wconf 85' lang='lat' dir='ltr'><strong>quidam</strong></span> <span class='ocrx_word' id='word_1_212' title='bbox 1134 1825 1386 1880; x_wconf 79' lang='lat' dir='ltr'><strong>exhibent</strong></span> <span class='ocrx_word' id='word_1_213' title='bbox 1459 1826 1613 1880; x_wconf 78' lang='lat' dir='ltr'><strong>arvis</strong></span> <span class='ocrx_word' id='word_1_214' title='bbox 1742 1844 1885 1907; x_wconf 85' lang='lat' dir='ltr'>seqq.</span> <span class='ocrx_word' id='word_1_215' title='bbox 1923 1829 2051 1882; x_wconf 76' lang='lat' dir='ltr'><strong>hinc</strong></span> <span class='ocrx_word' id='word_1_216' title='bbox 2076 1844 2268 1881; x_wconf 80' lang='lat' dir='ltr'><strong>canere.</strong></span> <span class='ocrx_word' id='word_1_217' title='bbox 2297 1827 2564 1898; x_wconf 79' lang='lat' dir='ltr'><strong>incipiam</strong></span> <span class='ocrx_word' id='word_1_218' title='bbox 2593 1827 2820 1906; x_wconf 73' lang='lat' dir='ltr'><strong>pessime</strong></span> <span class='ocrx_word' id='word_1_219' title='bbox 2841 1825 3091 1879; x_wconf 88' lang='lat' dir='ltr'><strong>relatum.</strong></span> 
     </span>
     <span class='ocr_line' id='line_1_22' title="bbox 757 1890 3095 1974; baseline 0 -27"><span class='ocrx_word' id='word_1_220' title='bbox 757 1922 825 1931; x_wconf 90' lang='lat'>-</span> <span class='ocrx_word' id='word_1_221' title='bbox 859 1890 915 1953; x_wconf 79' lang='grc'><strong>5.</strong></span> <span class='ocrx_word' id='word_1_222' title='bbox 949 1891 1033 1947; x_wconf 80' lang='lat' dir='ltr'><strong>cf.</strong></span> <span class='ocrx_word' id='word_1_223' title='bbox 1069 1893 1240 1947; x_wconf 82' lang='lat' dir='ltr'><strong>Varro</strong></span> <span class='ocrx_word' id='word_1_224' title='bbox 1273 1893 1336 1948; x_wconf 81' lang='lat' dir='ltr'><strong>R.</strong></span> <span class='ocrx_word' id='word_1_225' title='bbox 1426 1934 1439 1946; x_wconf 91' lang='lat'><strong>.</strong></span> <span class='ocrx_word' id='word_1_226' title='bbox 1477 1895 1550 1957; x_wconf 92' lang='lat' dir='ltr'><strong>II,</strong></span> <span class='ocrx_word' id='word_1_227' title='bbox 1594 1897 1638 1947; x_wconf 92' lang='grc'><strong>1.</strong></span> <span class='ocrx_word' id='word_1_228' title='bbox 1677 1895 1947 1966; x_wconf 61' lang='lat' dir='ltr'><strong>Incipiam</strong></span> <span class='ocrx_word' id='word_1_229' title='bbox 1978 1897 2119 1950; x_wconf 76' lang='lat' dir='ltr'><strong>hinc.</strong></span> <span class='ocrx_word' id='word_1_230' title='bbox 2153 1894 2394 1963; x_wconf 84' lang='lat' dir='ltr'><strong>Keightl.</strong></span> <span class='ocrx_word' id='word_1_231' title='bbox 2425 1910 2510 1964; x_wconf 88' lang='lat' dir='ltr'><strong>ap.</strong></span> <span class='ocrx_word' id='word_1_232' title='bbox 2539 1894 2790 1964; x_wconf 83' lang='lat' dir='ltr'><strong>Coumgt.</strong></span> <span class='ocrx_word' id='word_1_233' title='bbox 2818 1896 3095 1974; x_wconf 83' lang='lat' dir='ltr'><strong>comparat</strong></span> 
     </span>
     <span class='ocr_line' id='line_1_23' title="bbox 756 1959 3090 2033; baseline 0 -21"><span class='ocrx_word' id='word_1_234' title='bbox 756 1959 914 2015; x_wconf 88' lang='lat' dir='ltr'><strong>Lucr.</strong></span> <span class='ocrx_word' id='word_1_235' title='bbox 949 1960 996 2026; x_wconf 88' lang='lat'><strong>1,</strong></span> <span class='ocrx_word' id='word_1_236' title='bbox 1033 1965 1115 2014; x_wconf 82' lang='lat'><strong>55.</strong></span> <span class='ocrx_word' id='word_1_237' title='bbox 1154 1961 1442 2015; x_wconf 67' lang='lat' dir='ltr'><strong>Disserere</strong></span> <span class='ocrx_word' id='word_1_238' title='bbox 1479 1962 1757 2033; x_wconf 78' lang='lat' dir='ltr'><strong>incipiam.</strong></span> <span class='ocrx_word' id='word_1_239' title='bbox 1799 1962 1881 2016; x_wconf 82' lang='lat' dir='ltr'><strong>Cf.</strong></span> <span class='ocrx_word' id='word_1_240' title='bbox 1923 1963 2085 2017; x_wconf 89' lang='lat' dir='ltr'><strong>etiam</strong></span> <span class='ocrx_word' id='word_1_241' title='bbox 2123 1965 2254 2017; x_wconf 85' lang='lat' dir='ltr'><strong>Aen.</strong></span> <span class='ocrx_word' id='word_1_242' title='bbox 2291 1962 2365 2025; x_wconf 89' lang='lat'><strong>11,</strong></span> <span class='ocrx_word' id='word_1_243' title='bbox 2406 1965 2483 2016; x_wconf 89' lang='grc'><strong>13.</strong></span> <span class='ocrx_word' id='word_1_244' title='bbox 2521 1961 2702 2014; x_wconf 76' lang='lat' dir='ltr'><strong>Hinc</strong></span> <span class='ocrx_word' id='word_1_245' title='bbox 2735 1961 2915 2015; x_wconf 85' lang='lat' dir='ltr'><strong>Servio</strong></span> <span class='ocrx_word' id='word_1_246' title='bbox 2950 1961 3090 2015; x_wconf 77' lang='lat' dir='ltr'><strong>idem</strong></span> 
     </span>
     <span class='ocr_line' id='line_1_24' title="bbox 756 2028 3086 2100; baseline 0.003 -19"><span class='ocrx_word' id='word_1_247' title='bbox 756 2030 844 2081; x_wconf 89' lang='lat' dir='ltr'><strong>est</strong></span> <span class='ocrx_word' id='word_1_248' title='bbox 885 2043 1008 2082; x_wconf 90' lang='lat' dir='ltr'><strong>cum</strong></span> <span class='ocrx_word' id='word_1_249' title='bbox 1042 2029 1258 2087; x_wconf 72' lang='lat' dir='ltr'><strong>dehinc.</strong></span> <span class='ocrx_word' id='word_1_250' title='bbox 1299 2030 1569 2099; x_wconf 68' lang='lat' dir='ltr'><strong>deinceps,</strong></span> <span class='ocrx_word' id='word_1_251' title='bbox 1603 2031 1742 2083; x_wconf 71' lang='lat' dir='ltr'><strong>nacla</strong></span> <span class='ocrx_word' id='word_1_252' title='bbox 1779 2032 1882 2083; x_wconf 79' lang='lat' dir='ltr'><strong>der</strong></span> <span class='ocrx_word' id='word_1_253' title='bbox 1915 2031 2111 2094; x_wconf 70' lang='lat' dir='ltr'><strong>Reihe,</strong></span> <span class='ocrx_word' id='word_1_254' title='bbox 2158 2029 2298 2100; x_wconf 89' lang='lat' dir='ltr'><strong>quod</strong></span> <span class='ocrx_word' id='word_1_255' title='bbox 2329 2031 2460 2083; x_wconf 80' lang='lat' dir='ltr'><strong>hinc</strong></span> <span class='ocrx_word' id='word_1_256' title='bbox 2491 2045 2755 2099; x_wconf 76' lang='lat' dir='ltr'><strong>nusquam</strong></span> <span class='ocrx_word' id='word_1_257' title='bbox 2791 2028 3086 2095; x_wconf 71' lang='lat' dir='ltr'><strong>significat:</strong></span> 
     </span>
     <span class='ocr_line' id='line_1_25' title="bbox 756 2094 3091 2166; baseline 0 -18"><span class='ocrx_word' id='word_1_258' title='bbox 756 2094 869 2158; x_wconf 89' lang='lat' dir='ltr'><strong>alii,</strong></span> <span class='ocrx_word' id='word_1_259' title='bbox 905 2095 1048 2149; x_wconf 87' lang='lat' dir='ltr'><strong>inter</strong></span> <span class='ocrx_word' id='word_1_260' title='bbox 1083 2112 1214 2165; x_wconf 91' lang='lat' dir='ltr'><strong>quos</strong></span> <span class='ocrx_word' id='word_1_261' title='bbox 1248 2096 1439 2166; x_wconf 66' lang='lat' dir='ltr'><strong>Heyn„</strong></span> <span class='ocrx_word' id='word_1_262' title='bbox 1482 2114 1585 2151; x_wconf 89' lang='lat' dir='ltr'><strong>uon</strong></span> <span class='ocrx_word' id='word_1_263' title='bbox 1621 2097 1790 2151; x_wconf 89' lang='lat' dir='ltr'><strong>multo</strong></span> <span class='ocrx_word' id='word_1_264' title='bbox 1826 2098 2016 2152; x_wconf 89' lang='lat' dir='ltr'><strong>melius</strong></span> <span class='ocrx_word' id='word_1_265' title='bbox 2087 2113 2146 2151; x_wconf 90' lang='lat' dir='ltr'><strong>ro</strong></span> <span class='ocrx_word' id='word_1_266' title='bbox 2181 2117 2346 2165; x_wconf 78' lang='lat' dir='ltr'><strong>nunc,</strong></span> <span class='ocrx_word' id='word_1_267' title='bbox 2383 2098 2520 2165; x_wconf 74' lang='lat' dir='ltr'><strong>iam,</strong></span> <span class='ocrx_word' id='word_1_268' title='bbox 2557 2098 2625 2150; x_wconf 90' lang='lat' dir='ltr'><strong>ab</strong></span> <span class='ocrx_word' id='word_1_269' title='bbox 2659 2096 2759 2150; x_wconf 89' lang='lat' dir='ltr'><strong>hoc</strong></span> <span class='ocrx_word' id='word_1_270' title='bbox 2796 2096 2919 2150; x_wconf 88' lang='lat' dir='ltr'><strong>inde</strong></span> <span class='ocrx_word' id='word_1_271' title='bbox 2954 2100 3091 2149; x_wconf 87' lang='lat' dir='ltr'><strong>tem-</strong></span> 
     </span>
     <span class='ocr_line' id='line_1_26' title="bbox 755 2163 3092 2252; baseline 0 -35"><span class='ocrx_word' id='word_1_272' title='bbox 755 2178 882 2232; x_wconf 86' lang='lat' dir='ltr'><strong>pore</strong></span> <span class='ocrx_word' id='word_1_273' title='bbox 916 2163 1152 2232; x_wconf 82' lang='lat' dir='ltr'><strong>positum</strong></span> <span class='ocrx_word' id='word_1_274' title='bbox 1174 2167 1400 2233; x_wconf 87' lang='lat' dir='ltr'><strong>putant;</strong></span> <span class='ocrx_word' id='word_1_275' title='bbox 1438 2165 1530 2220; x_wconf 89' lang='lat' dir='ltr'><strong>sed</strong></span> <span class='ocrx_word' id='word_1_276' title='bbox 1565 2165 1754 2219; x_wconf 85' lang='lat' dir='ltr'><strong>melius</strong></span> <span class='ocrx_word' id='word_1_277' title='bbox 1791 2165 1941 2220; x_wconf 85' lang='lat' dir='ltr'><strong>Voss.</strong></span> <span class='ocrx_word' id='word_1_278' title='bbox 1962 2168 2057 2252; x_wconf 45' lang='lat' dir='ltr'><strong>’et&#39;</strong></span> <span class='ocrx_word' id='word_1_279' title='bbox 2094 2167 2270 2219; x_wconf 89' lang='lat' dir='ltr'><strong>acobs.</strong></span> <span class='ocrx_word' id='word_1_280' title='bbox 2308 2166 2421 2219; x_wconf 87' lang='lat' dir='ltr'><strong>inte</strong></span> <span class='ocrx_word' id='word_1_281' title='bbox 2487 2166 2735 2219; x_wconf 86' lang='lat' dir='ltr'><strong>retantur</strong></span> <span class='ocrx_word' id='word_1_282' title='bbox 2768 2180 2831 2218; x_wconf 74' lang='lat' dir='ltr'><strong>cx</strong></span> <span class='ocrx_word' id='word_1_283' title='bbox 2854 2165 2957 2225; x_wconf 65' lang='lat' dir='ltr'><strong>his,</strong></span> <span class='ocrx_word' id='word_1_284' title='bbox 2996 2165 3092 2217; x_wconf 81' lang='lat' dir='ltr'><strong>ho·</strong></span> 
     </span>
     <span class='ocr_line' id='line_1_27' title="bbox 755 2231 3093 2379; baseline 0.001 -29"><span class='ocrx_word' id='word_1_285' title='bbox 755 2236 1256 2379; x_wconf 44' lang='lat' dir='ltr'><strong>msam&amp;</strong></span> <span class='ocrx_word' id='word_1_286' title='bbox 1272 2232 1928 2369; x_wconf 53' lang='lat' dir='ltr'><strong>ffaenssxpiffi‘iffiffm&#39;ffs&#39;„</strong></span> <span class='ocrx_word' id='word_1_287' title='bbox 1943 2239 2167 2354; x_wconf 50' lang='lat' dir='ltr'><strong>²25?ssss</strong></span> <span class='ocrx_word' id='word_1_288' title='bbox 2180 2232 2450 2364; x_wconf 56' lang='grc' dir='ltr'><strong>ἑὲᾱὲζιξ)</strong></span> <span class='ocrx_word' id='word_1_289' title='bbox 2468 2232 2578 2353; x_wconf 53' lang='grc' dir='ltr'><strong>..ὦ</strong></span> <span class='ocrx_word' id='word_1_290' title='bbox 2593 2235 2784 2378; x_wconf 59' lang='grc' dir='ltr'><strong>’.ὲὲὶέ</strong></span> <span class='ocrx_word' id='word_1_291' title='bbox 2866 2231 3093 2369; x_wconf 55' lang='lat' dir='ltr'><strong>{zm</strong></span> 
     </span>
     <span class='ocr_line' id='line_1_28' title="bbox 755 2366 3091 2448; baseline 0.001 -30"><span class='ocrx_word' id='word_1_292' title='bbox 755 2370 1126 2420; x_wconf 77' lang='lat' dir='ltr'><strong>recentissima</strong></span> <span class='ocrx_word' id='word_1_293' title='bbox 1159 2366 1243 2421; x_wconf 90' lang='lat' dir='ltr'><strong>ed1</strong></span> <span class='ocrx_word' id='word_1_294' title='bbox 1274 2408 1285 2420; x_wconf 93' lang='lat'><em>.</em></span> <span class='ocrx_word' id='word_1_295' title='bbox 1323 2371 1467 2422; x_wconf 87' lang='lat' dir='ltr'><strong>recte</strong></span> <span class='ocrx_word' id='word_1_296' title='bbox 1503 2367 1777 2438; x_wconf 86' lang='lat' dir='ltr'><strong>amplexus</strong></span> <span class='ocrx_word' id='word_1_297' title='bbox 1814 2372 1923 2433; x_wconf 89' lang='lat' dir='ltr'><strong>est,</strong></span> <span class='ocrx_word' id='word_1_298' title='bbox 1974 2385 2137 2429; x_wconf 90' lang='lat' dir='ltr'><strong>„cum</strong></span> <span class='ocrx_word' id='word_1_299' title='bbox 2164 2372 2329 2448; x_wconf 70' lang='lat' dir='ltr'><strong>poeta</strong></span> <span class='ocrx_word' id='word_1_300' title='bbox 2366 2384 2467 2421; x_wconf 88' lang='lat' dir='ltr'><strong>non</strong></span> <span class='ocrx_word' id='word_1_301' title='bbox 2509 2383 2711 2427; x_wconf 80' lang='lat' dir='ltr'><strong>omma,</strong></span> <span class='ocrx_word' id='word_1_302' title='bbox 2760 2383 2895 2436; x_wconf 90' lang='lat' dir='ltr'><strong>quae</strong></span> <span class='ocrx_word' id='word_1_303' title='bbox 2930 2366 2997 2421; x_wconf 89' lang='lat' dir='ltr'><strong>de</strong></span> <span class='ocrx_word' id='word_1_304' title='bbox 3034 2384 3091 2421; x_wconf 87' lang='lat' dir='ltr'><strong>re</strong></span> 
     </span>
     <span class='ocr_line' id='line_1_29' title="bbox 753 2434 3092 2506; baseline 0.001 -20"><span class='ocrx_word' id='word_1_305' title='bbox 753 2434 961 2487; x_wconf 87' lang='lat' dir='ltr'><strong>rustica</strong></span> <span class='ocrx_word' id='word_1_306' title='bbox 995 2436 1343 2490; x_wconf 88' lang='lat' dir='ltr'><strong>commentari</strong></span> <span class='ocrx_word' id='word_1_307' title='bbox 1376 2436 1564 2506; x_wconf 79' lang='lat' dir='ltr'><strong>possit,</strong></span> <span class='ocrx_word' id='word_1_308' title='bbox 1602 2444 2006 2504; x_wconf 80' lang='lat' dir='ltr'><strong>persecuturum</strong></span> <span class='ocrx_word' id='word_1_309' title='bbox 2042 2454 2100 2490; x_wconf 85' lang='lat' dir='ltr'><strong>se</strong></span> <span class='ocrx_word' id='word_1_310' title='bbox 2134 2435 2417 2503; x_wconf 74' lang='lat' dir='ltr'><strong>significet,</strong></span> <span class='ocrx_word' id='word_1_311' title='bbox 2456 2435 2547 2489; x_wconf 85' lang='lat' dir='ltr'><strong>sed</strong></span> <span class='ocrx_word' id='word_1_312' title='bbox 2578 2438 2812 2497; x_wconf 87' lang='lat' dir='ltr'><strong>tantum,</strong></span> <span class='ocrx_word' id='word_1_313' title='bbox 2857 2436 2920 2487; x_wconf 90' lang='lat' dir='ltr'><strong>ut</strong></span> <span class='ocrx_word' id='word_1_314' title='bbox 2947 2434 3092 2489; x_wconf 83' lang='lat' dir='ltr'><strong>dicat</strong></span> 
     </span>
     <span class='ocr_line' id='line_1_30' title="bbox 751 2501 3088 2574; baseline 0.002 -20"><span class='ocrx_word' id='word_1_315' title='bbox 751 2501 887 2555; x_wconf 86' lang='lat' dir='ltr'><strong>Aen.</strong></span> <span class='ocrx_word' id='word_1_316' title='bbox 924 2501 967 2562; x_wconf 94' lang='lat' dir='ltr'><strong>I,</strong></span> <span class='ocrx_word' id='word_1_317' title='bbox 1005 2504 1149 2568; x_wconf 65' lang='lat'><strong>342„</strong></span> <span class='ocrx_word' id='word_1_318' title='bbox 1187 2502 1446 2574; x_wconf 88' lang='lat' dir='ltr'><strong>quaedam</strong></span> <span class='ocrx_word' id='word_1_319' title='bbox 1479 2521 1658 2559; x_wconf 78' lang='lat' dir='ltr'><strong>rerum</strong></span> <span class='ocrx_word' id='word_1_320' title='bbox 1679 2505 1980 2573; x_wconf 63' lang='lat' dir='ltr'><strong>sastiyiaf‘</strong></span> <span class='ocrx_word' id='word_1_321' title='bbox 2050 2504 2134 2558; x_wconf 88' lang='lat' dir='ltr'><strong>Sic</strong></span> <span class='ocrx_word' id='word_1_322' title='bbox 2171 2505 2330 2559; x_wconf 88' lang='lat' dir='ltr'><strong>etiam</strong></span> <span class='ocrx_word' id='word_1_323' title='bbox 2370 2504 2497 2558; x_wconf 81' lang='lat' dir='ltr'><strong>Geo.</strong></span> <span class='ocrx_word' id='word_1_324' title='bbox 2531 2502 2614 2560; x_wconf 85' lang='grc' dir='ltr'><strong>Π.</strong></span> <span class='ocrx_word' id='word_1_325' title='bbox 2656 2507 2773 2558; x_wconf 80' lang='grc'><strong>444.</strong></span> <span class='ocrx_word' id='word_1_326' title='bbox 2821 2502 2936 2564; x_wconf 88' lang='grc' dir='ltr'><strong>ΠΙ,</strong></span> <span class='ocrx_word' id='word_1_327' title='bbox 2973 2505 3088 2559; x_wconf 79' lang='grc'><strong>308.</strong></span> 
     </span>
     <span class='ocr_line' id='line_1_31' title="bbox 752 2569 3092 2653; baseline 0.001 -30"><span class='ocrx_word' id='word_1_328' title='bbox 752 2572 810 2623; x_wconf 87' lang='lat' dir='ltr'><strong>et</strong></span> <span class='ocrx_word' id='word_1_329' title='bbox 851 2569 979 2623; x_wconf 88' lang='lat' dir='ltr'><strong>Hor.</strong></span> <span class='ocrx_word' id='word_1_330' title='bbox 1017 2570 1129 2625; x_wconf 84' lang='lat' dir='ltr'><strong>Sat.</strong></span> <span class='ocrx_word' id='word_1_331' title='bbox 1166 2571 1212 2630; x_wconf 91' lang='grc' dir='ltr'><strong>Ι,</strong></span> <span class='ocrx_word' id='word_1_332' title='bbox 1252 2575 1301 2637; x_wconf 86' lang='grc'><strong>4,</strong></span> <span class='ocrx_word' id='word_1_333' title='bbox 1339 2575 1388 2626; x_wconf 92' lang='grc'><strong>6.</strong></span> <span class='ocrx_word' id='word_1_334' title='bbox 1426 2589 1520 2642; x_wconf 92' lang='lat' dir='ltr'><strong>pro</strong></span> <span class='ocrx_word' id='word_1_335' title='bbox 1555 2589 1618 2626; x_wconf 63' lang='lat' dir='ltr'><strong>ex</strong></span> <span class='ocrx_word' id='word_1_336' title='bbox 1650 2573 1751 2635; x_wconf 68' lang='grc' dir='ltr'><strong>Ιιίε,</strong></span> <span class='ocrx_word' id='word_1_337' title='bbox 1789 2575 1858 2626; x_wconf 82' lang='lat' dir='ltr'><strong>ab</strong></span> <span class='ocrx_word' id='word_1_338' title='bbox 1892 2573 1992 2639; x_wconf 65' lang='lat' dir='ltr'><strong>Inls,</strong></span> <span class='ocrx_word' id='word_1_339' title='bbox 2031 2579 2085 2626; x_wconf 85' lang='lat' dir='ltr'><strong>ct</strong></span> <span class='ocrx_word' id='word_1_340' title='bbox 2118 2573 2259 2653; x_wconf 86' lang='lat' dir='ltr'><strong>apud</strong></span> <span class='ocrx_word' id='word_1_341' title='bbox 2295 2572 2451 2628; x_wconf 82' lang='lat' dir='ltr'><strong>Ovid.</strong></span> <span class='ocrx_word' id='word_1_342' title='bbox 2478 2572 2626 2625; x_wconf 83' lang='lat' dir='ltr'><strong>Fast.</strong></span> <span class='ocrx_word' id='word_1_343' title='bbox 2656 2572 2719 2628; x_wconf 88' lang='lat' dir='ltr'><strong>V.</strong></span> <span class='ocrx_word' id='word_1_344' title='bbox 2757 2576 2873 2626; x_wconf 76' lang='lat'><strong>509.</strong></span> <span class='ocrx_word' id='word_1_345' title='bbox 2909 2573 3092 2626; x_wconf 84' lang='lat' dir='ltr'><strong>maior</strong></span> 
     </span>
     <span class='ocr_line' id='line_1_32' title="bbox 750 2637 3087 2719; baseline 0.002 -30"><span class='ocrx_word' id='word_1_346' title='bbox 750 2637 899 2703; x_wconf 80' lang='lat' dir='ltr'><strong>inde,</strong></span> <span class='ocrx_word' id='word_1_347' title='bbox 939 2653 1037 2706; x_wconf 92' lang='lat' dir='ltr'><strong>pro</strong></span> <span class='ocrx_word' id='word_1_348' title='bbox 1074 2638 1243 2694; x_wconf 88' lang='lat' dir='ltr'><strong>maior</strong></span> <span class='ocrx_word' id='word_1_349' title='bbox 1280 2656 1341 2693; x_wconf 88' lang='lat' dir='ltr'><strong>ex</strong></span> <span class='ocrx_word' id='word_1_350' title='bbox 1376 2640 1441 2693; x_wconf 91' lang='lat' dir='ltr'><strong>iis</strong></span> <span class='ocrx_word' id='word_1_351' title='bbox 1478 2656 1523 2693; x_wconf 89' lang='lat' dir='ltr'><strong>s.</strong></span> <span class='ocrx_word' id='word_1_352' title='bbox 1563 2655 1761 2702; x_wconf 83' lang='lat' dir='ltr'><strong>eorum,</strong></span> <span class='ocrx_word' id='word_1_353' title='bbox 1801 2643 2118 2710; x_wconf 85' lang='lat' dir='ltr'><strong>usurpatum</strong></span> <span class='ocrx_word' id='word_1_354' title='bbox 2155 2640 2442 2694; x_wconf 78' lang='lat' dir='ltr'><strong>invenitur.</strong></span> <span class='ocrx_word' id='word_1_355' title='bbox 2514 2639 2598 2692; x_wconf 83' lang='lat' dir='ltr'><strong>cf.</strong></span> <span class='ocrx_word' id='word_1_356' title='bbox 2636 2640 2795 2693; x_wconf 84' lang='lat' dir='ltr'><strong>etiam</strong></span> <span class='ocrx_word' id='word_1_357' title='bbox 2835 2655 2969 2719; x_wconf 79' lang='lat' dir='ltr'><strong>quae</strong></span> <span class='ocrx_word' id='word_1_358' title='bbox 3007 2639 3087 2693; x_wconf 88' lang='lat' dir='ltr'><strong>in-</strong></span> 
     </span>
     <span class='ocr_line' id='line_1_33' title="bbox 755 2704 3087 2776; baseline 0.001 -18"><span class='ocrx_word' id='word_1_359' title='bbox 755 2705 842 2758; x_wconf 85' lang='lat' dir='ltr'><strong>fra</strong></span> <span class='ocrx_word' id='word_1_360' title='bbox 870 2704 940 2760; x_wconf 86' lang='lat' dir='ltr'><strong>ad</strong></span> <span class='ocrx_word' id='word_1_361' title='bbox 977 2721 1029 2759; x_wconf 82' lang='lat' dir='ltr'><strong>v.</strong></span> <span class='ocrx_word' id='word_1_362' title='bbox 1070 2710 1186 2761; x_wconf 76' lang='lat'><strong>505.</strong></span> <span class='ocrx_word' id='word_1_363' title='bbox 1222 2707 1350 2762; x_wconf 88' lang='lat' dir='ltr'><strong>Geo.</strong></span> <span class='ocrx_word' id='word_1_364' title='bbox 1384 2707 1496 2770; x_wconf 90' lang='lat'><strong>111,</strong></span> <span class='ocrx_word' id='word_1_365' title='bbox 1532 2711 1650 2762; x_wconf 77' lang='lat'><strong>49⁰.</strong></span> <span class='ocrx_word' id='word_1_366' title='bbox 1687 2711 1742 2762; x_wconf 92' lang='lat' dir='ltr'><strong>et</strong></span> <span class='ocrx_word' id='word_1_367' title='bbox 1782 2710 1911 2762; x_wconf 82' lang='lat' dir='ltr'><strong>Aen.</strong></span> <span class='ocrx_word' id='word_1_368' title='bbox 1958 2708 2011 2770; x_wconf 93' lang='lat'><strong>1,</strong></span> <span class='ocrx_word' id='word_1_369' title='bbox 2061 2711 2144 2760; x_wconf 84' lang='grc'><strong>21.</strong></span> <span class='ocrx_word' id='word_1_370' title='bbox 2191 2707 2586 2762; x_wconf 84' lang='lat' dir='ltr'><strong>adnotavimus.</strong></span> <span class='ocrx_word' id='word_1_371' title='bbox 2622 2736 2686 2745; x_wconf 91' lang='lat'><strong>—-</strong></span> <span class='ocrx_word' id='word_1_372' title='bbox 2721 2709 2975 2776; x_wconf 82' lang='lat' dir='ltr'><strong>Sequitur</strong></span> <span class='ocrx_word' id='word_1_373' title='bbox 3008 2707 3087 2760; x_wconf 89' lang='lat' dir='ltr'><strong>in·</strong></span> 
     </span>
     <span class='ocr_line' id='line_1_34' title="bbox 751 2772 3087 2844; baseline 0.001 -19"><span class='ocrx_word' id='word_1_374' title='bbox 751 2773 963 2827; x_wconf 81' lang='lat' dir='ltr'><strong>vocatio</strong></span> <span class='ocrx_word' id='word_1_375' title='bbox 1003 2772 1238 2838; x_wconf 84' lang='lat' dir='ltr'><strong>deorum,</strong></span> <span class='ocrx_word' id='word_1_376' title='bbox 1276 2791 1308 2828; x_wconf 87' lang='lat' dir='ltr'><strong>a</strong></span> <span class='ocrx_word' id='word_1_377' title='bbox 1346 2774 1540 2844; x_wconf 90' lang='lat' dir='ltr'><strong>quibus</strong></span> <span class='ocrx_word' id='word_1_378' title='bbox 1575 2779 1732 2844; x_wconf 74' lang='lat' dir='ltr'><strong>poeta</strong></span> <span class='ocrx_word' id='word_1_379' title='bbox 1767 2775 1822 2827; x_wconf 87' lang='lat' dir='ltr'><strong>in</strong></span> <span class='ocrx_word' id='word_1_380' title='bbox 1860 2774 2139 2844; x_wconf 78' lang='lat' dir='ltr'><strong>pangendo</strong></span> <span class='ocrx_word' id='word_1_381' title='bbox 2175 2774 2274 2828; x_wconf 87' lang='lat' dir='ltr'><strong>hoc</strong></span> <span class='ocrx_word' id='word_1_382' title='bbox 2308 2776 2541 2829; x_wconf 78' lang='lat' dir='ltr'><strong>carmine</strong></span> <span class='ocrx_word' id='word_1_383' title='bbox 2576 2791 2632 2828; x_wconf 89' lang='lat' dir='ltr'><strong>se</strong></span> <span class='ocrx_word' id='word_1_384' title='bbox 2655 2774 2899 2828; x_wconf 88' lang='lat' dir='ltr'><strong>adiutum</strong></span> <span class='ocrx_word' id='word_1_385' title='bbox 2921 2775 3087 2843; x_wconf 86' lang='lat' dir='ltr'><strong>cupit,</strong></span> 
     </span>
     <span class='ocr_line' id='line_1_35' title="bbox 752 2839 3085 2923; baseline 0 -29"><span class='ocrx_word' id='word_1_386' title='bbox 752 2843 811 2894; x_wconf 90' lang='lat' dir='ltr'><strong>et</strong></span> <span class='ocrx_word' id='word_1_387' title='bbox 846 2839 1092 2895; x_wconf 85' lang='lat' dir='ltr'><strong>Caesaris</strong></span> <span class='ocrx_word' id='word_1_388' title='bbox 1124 2842 1384 2910; x_wconf 79' lang='lat' dir='ltr'><strong>Augusti,</strong></span> <span class='ocrx_word' id='word_1_389' title='bbox 1429 2859 1566 2912; x_wconf 89' lang='lat' dir='ltr'><strong>quae</strong></span> <span class='ocrx_word' id='word_1_390' title='bbox 1609 2841 1790 2911; x_wconf 88' lang='lat' dir='ltr'><strong>procul</strong></span> <span class='ocrx_word' id='word_1_391' title='bbox 1830 2842 1990 2896; x_wconf 88' lang='lat' dir='ltr'><strong>dubio</strong></span> <span class='ocrx_word' id='word_1_392' title='bbox 2029 2843 2169 2897; x_wconf 87' lang='lat' dir='ltr'><strong>inter</strong></span> <span class='ocrx_word' id='word_1_393' title='bbox 2207 2842 2592 2911; x_wconf 86' lang='lat' dir='ltr'><strong>pulcherrimos</strong></span> <span class='ocrx_word' id='word_1_394' title='bbox 2627 2846 2684 2895; x_wconf 90' lang='lat' dir='ltr'><strong>et</strong></span> <span class='ocrx_word' id='word_1_395' title='bbox 2717 2840 3085 2923; x_wconf 85' lang='lat' dir='ltr'><strong>splendidissi-</strong></span> 
     </span>
     <span class='ocr_line' id='line_1_36' title="bbox 752 2908 3081 2964; baseline 0 -3"><span class='ocrx_word' id='word_1_396' title='bbox 752 2923 869 2962; x_wconf 89' lang='lat' dir='ltr'><strong>mos</strong></span> <span class='ocrx_word' id='word_1_397' title='bbox 904 2908 1074 2962; x_wconf 86' lang='lat' dir='ltr'><strong>totius</strong></span> <span class='ocrx_word' id='word_1_398' title='bbox 1108 2910 1358 2963; x_wconf 75' lang='lat' dir='ltr'><strong>carminis</strong></span> <span class='ocrx_word' id='word_1_399' title='bbox 1389 2909 1535 2963; x_wconf 87' lang='lat' dir='ltr'><strong>locos</strong></span> <span class='ocrx_word' id='word_1_400' title='bbox 1570 2913 1653 2963; x_wconf 86' lang='lat' dir='ltr'><strong>est</strong></span> <span class='ocrx_word' id='word_1_401' title='bbox 1687 2910 1978 2964; x_wconf 81' lang='lat' dir='ltr'><strong>referenda.</strong></span> <span class='ocrx_word' id='word_1_402' title='bbox 2009 2940 2069 2949; x_wconf 90' lang='lat'>—</span> <span class='ocrx_word' id='word_1_403' title='bbox 2100 2908 2507 2964; x_wconf 72' lang='lat' dir='ltr'><strong>Clarissima</strong></span> <span class='ocrx_word' id='word_1_404' title='bbox 2538 2912 2760 2963; x_wconf 71' lang='lat' dir='ltr'><strong>munda</strong></span> <span class='ocrx_word' id='word_1_405' title='bbox 2787 2909 3081 2963; x_wconf 76' lang='lat' dir='ltr'><strong>Lumina.</strong></span> 
     </span>
     <span class='ocr_line' id='line_1_37' title="bbox 751 2974 3082 3047; baseline -0 -18"><span class='ocrx_word' id='word_1_406' title='bbox 751 2974 844 3029; x_wconf 90' lang='lat' dir='ltr'><strong>Sol</strong></span> <span class='ocrx_word' id='word_1_407' title='bbox 879 2976 937 3028; x_wconf 90' lang='lat' dir='ltr'><strong>et</strong></span> <span class='ocrx_word' id='word_1_408' title='bbox 967 2975 1119 3031; x_wconf 87' lang='lat' dir='ltr'><strong>Luna</strong></span> <span class='ocrx_word' id='word_1_409' title='bbox 1151 2975 1493 3044; x_wconf 79' lang='lat' dir='ltr'><strong>intelligendi</strong></span> <span class='ocrx_word' id='word_1_410' title='bbox 1527 2981 1671 3040; x_wconf 76' lang='lat' dir='ltr'><strong>sunt,</strong></span> <span class='ocrx_word' id='word_1_411' title='bbox 1709 2978 1801 3047; x_wconf 88' lang='lat' dir='ltr'><strong>qui</strong></span> <span class='ocrx_word' id='word_1_412' title='bbox 1836 2994 2016 3032; x_wconf 86' lang='lat' dir='ltr'><strong>omnes</strong></span> <span class='ocrx_word' id='word_1_413' title='bbox 2053 2979 2264 3032; x_wconf 88' lang='lat' dir='ltr'><strong>omnino</strong></span> <span class='ocrx_word' id='word_1_414' title='bbox 2299 2978 2622 3032; x_wconf 88' lang='lat' dir='ltr'><strong>rusticorum</strong></span> <span class='ocrx_word' id='word_1_415' title='bbox 2645 2976 2853 3031; x_wconf 89' lang='lat' dir='ltr'><strong>labores</strong></span> <span class='ocrx_word' id='word_1_416' title='bbox 2878 2976 3082 3036; x_wconf 86' lang='lat' dir='ltr'><strong>iuvant,</strong></span> 
     </span>
     <span class='ocr_line' id='line_1_38' title="bbox 751 3041 3085 3164; baseline 0 -68"><span class='ocrx_word' id='word_1_417' title='bbox 751 3041 979 3164; x_wconf 52' lang='lat' dir='ltr'><strong>idffl‘ffe</strong></span> <span class='ocrx_word' id='word_1_418' title='bbox 1013 3044 1174 3113; x_wconf 88' lang='lat' dir='ltr'><strong>primi</strong></span> <span class='ocrx_word' id='word_1_419' title='bbox 1213 3051 1370 3099; x_wconf 88' lang='lat' dir='ltr'><strong>erant</strong></span> <span class='ocrx_word' id='word_1_420' title='bbox 1401 3045 1700 3099; x_wconf 84' lang='lat' dir='ltr'><strong>invocandi.</strong></span> <span class='ocrx_word' id='word_1_421' title='bbox 1760 3045 1936 3112; x_wconf 75' lang='lat' dir='ltr'><strong>Vulgo</strong></span> <span class='ocrx_word' id='word_1_422' title='bbox 1973 3044 2101 3100; x_wconf 88' lang='lat' dir='ltr'><strong>haec</strong></span> <span class='ocrx_word' id='word_1_423' title='bbox 2139 3046 2302 3100; x_wconf 83' lang='lat' dir='ltr'><strong>verba</strong></span> <span class='ocrx_word' id='word_1_424' title='bbox 2335 3045 2476 3099; x_wconf 89' lang='lat' dir='ltr'><strong>male</strong></span> <span class='ocrx_word' id='word_1_425' title='bbox 2503 3045 2832 3112; x_wconf 82' lang='lat' dir='ltr'><strong>coniungunt</strong></span> <span class='ocrx_word' id='word_1_426' title='bbox 2858 3059 2980 3097; x_wconf 88' lang='lat' dir='ltr'><strong>cum</strong></span> <span class='ocrx_word' id='word_1_427' title='bbox 3002 3061 3085 3098; x_wconf 87' lang='lat' dir='ltr'><strong>se-</strong></span> 
     </span>
     <span class='ocr_line' id='line_1_39' title="bbox 752 3110 3084 3183; baseline -0 -17"><span class='ocrx_word' id='word_1_428' title='bbox 752 3126 893 3180; x_wconf 86' lang='lat' dir='ltr'><strong>quen</strong></span> <span class='ocrx_word' id='word_1_429' title='bbox 925 3111 1068 3175; x_wconf 87' lang='lat' dir='ltr'><strong>&#39;bus,</strong></span> <span class='ocrx_word' id='word_1_430' title='bbox 1113 3115 1177 3165; x_wconf 91' lang='lat' dir='ltr'><strong>ut</strong></span> <span class='ocrx_word' id='word_1_431' title='bbox 1222 3112 1402 3167; x_wconf 88' lang='lat' dir='ltr'><strong>Liberi</strong></span> <span class='ocrx_word' id='word_1_432' title='bbox 1446 3113 1753 3183; x_wconf 82' lang='lat' dir='ltr'><strong>Cererisque</strong></span> <span class='ocrx_word' id='word_1_433' title='bbox 1801 3113 2104 3167; x_wconf 87' lang='lat' dir='ltr'><strong>nominibus</strong></span> <span class='ocrx_word' id='word_1_434' title='bbox 2147 3130 2240 3183; x_wconf 87' lang='lat' dir='ltr'><strong>per</strong></span> <span class='ocrx_word' id='word_1_435' title='bbox 2281 3129 2314 3167; x_wconf 92' lang='lat' dir='ltr'><strong>a</strong></span> <span class='ocrx_word' id='word_1_436' title='bbox 2349 3112 2667 3182; x_wconf 80' lang='lat' dir='ltr'><strong>positionem</strong></span> <span class='ocrx_word' id='word_1_437' title='bbox 2714 3111 2825 3165; x_wconf 88' lang='lat' dir='ltr'><strong>sint</strong></span> <span class='ocrx_word' id='word_1_438' title='bbox 2870 3110 3084 3174; x_wconf 88' lang='lat' dir='ltr'><strong>addita;</strong></span> 
     </span>
     <span class='ocr_line' id='line_1_40' title="bbox 790 3178 3082 3250; baseline -0.001 -18"><span class='ocrx_word' id='word_1_439' title='bbox 790 3194 913 3233; x_wconf 86' lang='lat' dir='ltr'><strong>uam</strong></span> <span class='ocrx_word' id='word_1_440' title='bbox 952 3179 1214 3234; x_wconf 89' lang='lat' dir='ltr'><strong>rationem</strong></span> <span class='ocrx_word' id='word_1_441' title='bbox 1253 3181 1341 3250; x_wconf 92' lang='lat' dir='ltr'><strong>qui</strong></span> <span class='ocrx_word' id='word_1_442' title='bbox 1377 3180 1696 3237; x_wconf 87' lang='lat' dir='ltr'><strong>defendunt.</strong></span> <span class='ocrx_word' id='word_1_443' title='bbox 1737 3186 1799 3233; x_wconf 90' lang='lat' dir='ltr'><strong>ut</strong></span> <span class='ocrx_word' id='word_1_444' title='bbox 1835 3182 1947 3250; x_wconf 89' lang='lat' dir='ltr'><strong>ipse</strong></span> <span class='ocrx_word' id='word_1_445' title='bbox 1985 3181 2183 3249; x_wconf 64' lang='lat' dir='ltr'><strong>Heyn„</strong></span> <span class='ocrx_word' id='word_1_446' title='bbox 2226 3197 2286 3234; x_wconf 91' lang='lat' dir='ltr'><strong>co</strong></span> <span class='ocrx_word' id='word_1_447' title='bbox 2366 3185 2422 3232; x_wconf 86' lang='lat' dir='ltr'><strong>to</strong></span> <span class='ocrx_word' id='word_1_448' title='bbox 2462 3179 2696 3233; x_wconf 84' lang='lat' dir='ltr'><strong>Macrob.</strong></span> <span class='ocrx_word' id='word_1_449' title='bbox 2734 3179 2847 3232; x_wconf 87' lang='lat' dir='ltr'><strong>Sat.</strong></span> <span class='ocrx_word' id='word_1_450' title='bbox 2883 3178 2936 3233; x_wconf 93' lang='grc' dir='ltr'><strong>Ι.</strong></span> <span class='ocrx_word' id='word_1_451' title='bbox 2985 3182 3082 3240; x_wconf 85' lang='grc'><strong>18.,</strong></span> 
     </span>
     <span class='ocr_line' id='line_1_41' title="bbox 747 3195 3085 3371; baseline -0 -4"><span class='ocrx_word' id='word_1_452' title='bbox 747 3195 1048 3368; x_wconf 49' lang='lat' dir='ltr'><strong>iiim?</strong></span> <span class='ocrx_word' id='word_1_453' title='bbox 1083 3262 1189 3369; x_wconf 67' lang='lat'>”233¹</span> <span class='ocrx_word' id='word_1_454' title='bbox 1211 3248 1717 3370; x_wconf 54' lang='lat' dir='ltr'><strong>s‘ffissfflffi</strong></span> <span class='ocrx_word' id='word_1_455' title='bbox 1757 3248 2216 3371; x_wconf 53' lang='lat' dir='ltr'><strong>fflssmffiffl‘ssffl</strong></span> <span class='ocrx_word' id='word_1_456' title='bbox 2252 3247 2445 3369; x_wconf 50' lang='lat' dir='ltr'><strong>{22¹²ss</strong></span> <span class='ocrx_word' id='word_1_457' title='bbox 2462 3246 3085 3368; x_wconf 49' lang='lat' dir='ltr'><strong>ssssssi’iissssiffiiqiissig</strong></span> 
     </span>
     <span class='ocr_line' id='line_1_42' title="bbox 751 3380 3083 3450; baseline -0 -15"><span class='ocrx_word' id='word_1_458' title='bbox 751 3380 1099 3436; x_wconf 87' lang='lat' dir='ltr'><strong>contenderin</strong></span> <span class='ocrx_word' id='word_1_459' title='bbox 1130 3422 1142 3435; x_wconf 93' lang='lat'><em>.</em></span> <span class='ocrx_word' id='word_1_460' title='bbox 1199 3382 1305 3437; x_wconf 85' lang='lat' dir='ltr'><strong>Sed</strong></span> <span class='ocrx_word' id='word_1_461' title='bbox 1338 3383 1642 3438; x_wconf 85' lang='lat' dir='ltr'><strong>verrissime</strong></span> <span class='ocrx_word' id='word_1_462' title='bbox 1675 3384 1783 3438; x_wconf 88' lang='lat' dir='ltr'><strong>iam</strong></span> <span class='ocrx_word' id='word_1_463' title='bbox 1814 3384 1969 3437; x_wconf 83' lang='lat' dir='ltr'><strong>Voss.</strong></span> <span class='ocrx_word' id='word_1_464' title='bbox 2010 3383 2328 3450; x_wconf 80' lang='lat' dir='ltr'><strong>observavit,</strong></span> <span class='ocrx_word' id='word_1_465' title='bbox 2368 3399 2485 3436; x_wconf 87' lang='lat' dir='ltr'><strong>cum</strong></span> <span class='ocrx_word' id='word_1_466' title='bbox 2524 3381 2645 3437; x_wconf 87' lang='lat' dir='ltr'><strong>Sole</strong></span> <span class='ocrx_word' id='word_1_467' title='bbox 2680 3384 2736 3435; x_wconf 87' lang='lat' dir='ltr'><strong>et</strong></span> <span class='ocrx_word' id='word_1_468' title='bbox 2769 3381 2926 3435; x_wconf 87' lang='lat' dir='ltr'><strong>Luna</strong></span> <span class='ocrx_word' id='word_1_469' title='bbox 2948 3380 3083 3435; x_wconf 89' lang='lat' dir='ltr'><strong>Bac·</strong></span> 
     </span>
     <span class='ocr_line' id='line_1_43' title="bbox 749 3448 3079 3521; baseline -0.001 -18"><span class='ocrx_word' id='word_1_470' title='bbox 749 3448 912 3504; x_wconf 89' lang='lat' dir='ltr'><strong>chum</strong></span> <span class='ocrx_word' id='word_1_471' title='bbox 956 3453 1013 3503; x_wconf 91' lang='lat' dir='ltr'><strong>et</strong></span> <span class='ocrx_word' id='word_1_472' title='bbox 1058 3448 1302 3505; x_wconf 88' lang='lat' dir='ltr'><strong>Cererem</strong></span> <span class='ocrx_word' id='word_1_473' title='bbox 1345 3466 1449 3505; x_wconf 88' lang='lat' dir='ltr'><strong>non</strong></span> <span class='ocrx_word' id='word_1_474' title='bbox 1494 3450 1597 3504; x_wconf 88' lang='lat' dir='ltr'><strong>nisi</strong></span> <span class='ocrx_word' id='word_1_475' title='bbox 1643 3451 1699 3505; x_wconf 93' lang='lat' dir='ltr'><strong>in</strong></span> <span class='ocrx_word' id='word_1_476' title='bbox 1743 3452 2012 3508; x_wconf 72' lang='lat' dir='ltr'><strong>mvsteriis</strong></span> <span class='ocrx_word' id='word_1_477' title='bbox 2048 3450 2365 3521; x_wconf 87' lang='lat' dir='ltr'><strong>quibusdam</strong></span> <span class='ocrx_word' id='word_1_478' title='bbox 2406 3449 2652 3503; x_wconf 87' lang='lat' dir='ltr'><strong>confusos</strong></span> <span class='ocrx_word' id='word_1_479' title='bbox 2689 3465 2829 3508; x_wconf 71' lang='lat' dir='ltr'><strong>essez</strong></span> <span class='ocrx_word' id='word_1_480' title='bbox 2872 3448 3079 3508; x_wconf 88' lang='lat' dir='ltr'><strong>deinde,</strong></span> 
     </span>
     <span class='ocr_line' id='line_1_44' title="bbox 749 3507 3084 3598; baseline -0.001 -27"><span class='ocrx_word' id='word_1_481' title='bbox 749 3533 872 3571; x_wconf 88' lang='lat' dir='ltr'><strong>cum</strong></span> <span class='ocrx_word' id='word_1_482' title='bbox 917 3516 1334 3588; x_wconf 87' lang='lat' dir='ltr'><strong>uniuscuiusque</strong></span> <span class='ocrx_word' id='word_1_483' title='bbox 1392 3519 1623 3573; x_wconf 88' lang='lat' dir='ltr'><strong>numinis</strong></span> <span class='ocrx_word' id='word_1_484' title='bbox 1666 3534 1700 3573; x_wconf 98' lang='lat' dir='ltr'><strong>a</strong></span> <span class='ocrx_word' id='word_1_485' title='bbox 1734 3507 2011 3588; x_wconf 86' lang='lat' dir='ltr'><strong>pellationi</strong></span> <span class='ocrx_word' id='word_1_486' title='bbox 2051 3522 2197 3573; x_wconf 88' lang='lat' dir='ltr'><strong>certa</strong></span> <span class='ocrx_word' id='word_1_487' title='bbox 2233 3518 2418 3598; x_wconf 82' lang='lat' dir='ltr'><strong>aliqua</strong></span> <span class='ocrx_word' id='word_1_488' title='bbox 2453 3531 2616 3571; x_wconf 85' lang='lat' dir='ltr'><strong>causa</strong></span> <span class='ocrx_word' id='word_1_489' title='bbox 2649 3516 2948 3576; x_wconf 79' lang='lat' dir='ltr'><strong>adficiatur,</strong></span> <span class='ocrx_word' id='word_1_490' title='bbox 2988 3532 3084 3571; x_wconf 88' lang='lat' dir='ltr'><strong>cur</strong></span> 
     </span>
     <span class='ocr_line' id='line_1_45' title="bbox 750 3583 3081 3654; baseline 0 -15"><span class='ocrx_word' id='word_1_491' title='bbox 750 3585 1042 3648; x_wconf 84' lang='lat' dir='ltr'><strong>invocetur,</strong></span> <span class='ocrx_word' id='word_1_492' title='bbox 1079 3586 1274 3640; x_wconf 89' lang='lat' dir='ltr'><strong>mirum</strong></span> <span class='ocrx_word' id='word_1_493' title='bbox 1311 3590 1470 3650; x_wconf 86' lang='lat' dir='ltr'><strong>esset,</strong></span> <span class='ocrx_word' id='word_1_494' title='bbox 1511 3586 1557 3640; x_wconf 85' lang='lat' dir='ltr'><strong>si</strong></span> <span class='ocrx_word' id='word_1_495' title='bbox 1581 3586 1718 3641; x_wconf 89' lang='lat' dir='ltr'><strong>Bacc</strong></span> <span class='ocrx_word' id='word_1_496' title='bbox 1757 3604 1786 3640; x_wconf 92' lang='lat' dir='ltr'><strong>o</strong></span> <span class='ocrx_word' id='word_1_497' title='bbox 1821 3591 2034 3641; x_wconf 82' lang='lat' dir='ltr'><strong>tantum</strong></span> <span class='ocrx_word' id='word_1_498' title='bbox 2070 3590 2126 3641; x_wconf 88' lang='lat' dir='ltr'><strong>et</strong></span> <span class='ocrx_word' id='word_1_499' title='bbox 2157 3584 2338 3640; x_wconf 77' lang='lat' dir='ltr'><strong>Cerei-1</strong></span> <span class='ocrx_word' id='word_1_500' title='bbox 2373 3585 2568 3654; x_wconf 86' lang='lat' dir='ltr'><strong>duplex</strong></span> <span class='ocrx_word' id='word_1_501' title='bbox 2603 3600 2796 3638; x_wconf 89' lang='lat' dir='ltr'><strong>munus</strong></span> <span class='ocrx_word' id='word_1_502' title='bbox 2819 3583 3081 3639; x_wconf 87' lang='lat' dir='ltr'><strong>tribuere·</strong></span> 
     </span>
     <span class='ocr_line' id='line_1_46' title="bbox 748 3650 3081 3723; baseline 0 -17"><span class='ocrx_word' id='word_1_503' title='bbox 748 3656 875 3715; x_wconf 83' lang='lat' dir='ltr'><strong>tur;</strong></span> <span class='ocrx_word' id='word_1_504' title='bbox 951 3668 1019 3707; x_wconf 91' lang='lat' dir='ltr'><strong>uo</strong></span> <span class='ocrx_word' id='word_1_505' title='bbox 1058 3653 1291 3718; x_wconf 85' lang='lat' dir='ltr'><strong>accedit,</strong></span> <span class='ocrx_word' id='word_1_506' title='bbox 1333 3654 1471 3723; x_wconf 89' lang='lat' dir='ltr'><strong>quod</strong></span> <span class='ocrx_word' id='word_1_507' title='bbox 1506 3653 1674 3708; x_wconf 85' lang='lat' dir='ltr'><strong>Varro</strong></span> <span class='ocrx_word' id='word_1_508' title='bbox 1712 3655 1774 3708; x_wconf 87' lang='lat' dir='ltr'><strong>R.</strong></span> <span class='ocrx_word' id='word_1_509' title='bbox 1808 3654 1874 3707; x_wconf 85' lang='lat' dir='ltr'><strong>R.</strong></span> <span class='ocrx_word' id='word_1_510' title='bbox 1915 3654 1960 3718; x_wconf 92' lang='lat'><strong>1,</strong></span> <span class='ocrx_word' id='word_1_511' title='bbox 2007 3658 2050 3718; x_wconf 90' lang='lat'><strong>1,</strong></span> <span class='ocrx_word' id='word_1_512' title='bbox 2091 3660 2159 3714; x_wconf 78' lang='grc'><strong>5.,</strong></span> <span class='ocrx_word' id='word_1_513' title='bbox 2199 3670 2357 3722; x_wconf 90' lang='lat' dir='ltr'><strong>quem</strong></span> <span class='ocrx_word' id='word_1_514' title='bbox 2392 3654 2576 3723; x_wconf 87' lang='lat' dir='ltr'><strong>aperte</strong></span> <span class='ocrx_word' id='word_1_515' title='bbox 2608 3656 2734 3706; x_wconf 88' lang='lat' dir='ltr'><strong>ante</strong></span> <span class='ocrx_word' id='word_1_516' title='bbox 2768 3650 2948 3705; x_wconf 87' lang='lat' dir='ltr'><strong>oculos</strong></span> <span class='ocrx_word' id='word_1_517' title='bbox 2985 3651 3081 3707; x_wconf 85' lang='lat' dir='ltr'><strong>ha-</strong></span> 
     </span>
     <span class='ocr_line' id='line_1_47' title="bbox 747 3718 3082 3789; baseline -0 -16"><span class='ocrx_word' id='word_1_518' title='bbox 747 3720 871 3774; x_wconf 87' lang='lat' dir='ltr'><strong>buit</strong></span> <span class='ocrx_word' id='word_1_519' title='bbox 953 3719 1200 3789; x_wconf 76' lang='lat' dir='ltr'><strong>ergssius‚</strong></span> <span class='ocrx_word' id='word_1_520' title='bbox 1237 3721 1434 3776; x_wconf 81' lang='lat' dir='ltr'><strong>diserte</strong></span> <span class='ocrx_word' id='word_1_521' title='bbox 1560 3723 1571 3734; x_wconf 86' lang='lat'>&#39;</span> <span class='ocrx_word' id='word_1_522' title='bbox 1739 3722 1917 3777; x_wconf 79' lang='lat' dir='ltr'><strong>Iovem</strong></span> <span class='ocrx_word' id='word_1_523' title='bbox 1958 3724 2014 3775; x_wconf 90' lang='lat' dir='ltr'><strong>et</strong></span> <span class='ocrx_word' id='word_1_524' title='bbox 2052 3720 2344 3788; x_wconf 85' lang='lat' dir='ltr'><strong>Tellurem,</strong></span> <span class='ocrx_word' id='word_1_525' title='bbox 2380 3722 2619 3774; x_wconf 74' lang='lat' dir='ltr'><strong>secundo</strong></span> <span class='ocrx_word' id='word_1_526' title='bbox 2652 3720 2776 3773; x_wconf 87' lang='lat' dir='ltr'><strong>loco</strong></span> <span class='ocrx_word' id='word_1_527' title='bbox 2813 3718 2992 3773; x_wconf 86' lang='lat' dir='ltr'><strong>Solem</strong></span> <span class='ocrx_word' id='word_1_528' title='bbox 3025 3722 3082 3773; x_wconf 83' lang='lat' dir='ltr'><strong>et</strong></span> 
     </span>
     <span class='ocr_line' id='line_1_48' title="bbox 747 3787 3080 3868; baseline 0 -27"><span class='ocrx_word' id='word_1_529' title='bbox 747 3788 976 3846; x_wconf 86' lang='lat' dir='ltr'><strong>Lunam,</strong></span> <span class='ocrx_word' id='word_1_530' title='bbox 1012 3789 1173 3842; x_wconf 76' lang='lat' dir='ltr'><strong>tertio</strong></span> <span class='ocrx_word' id='word_1_531' title='bbox 1214 3789 1429 3844; x_wconf 84' lang='lat' dir='ltr'><strong>demum</strong></span> <span class='ocrx_word' id='word_1_532' title='bbox 1592 3788 1721 3843; x_wconf 83' lang='lat' dir='ltr'><strong>hum</strong></span> <span class='ocrx_word' id='word_1_533' title='bbox 1758 3793 1815 3844; x_wconf 87' lang='lat' dir='ltr'><strong>et</strong></span> <span class='ocrx_word' id='word_1_534' title='bbox 1839 3792 2081 3844; x_wconf 88' lang='lat' dir='ltr'><strong>Cererem</strong></span> <span class='ocrx_word' id='word_1_535' title='bbox 2122 3790 2351 3842; x_wconf 81' lang='lat' dir='ltr'><strong>invocat.</strong></span> <span class='ocrx_word' id='word_1_536' title='bbox 2501 3787 2567 3842; x_wconf 90' lang='lat' dir='ltr'><strong>od</strong></span> <span class='ocrx_word' id='word_1_537' title='bbox 2602 3792 2784 3842; x_wconf 88' lang='lat' dir='ltr'><strong>autem</strong></span> <span class='ocrx_word' id='word_1_538' title='bbox 2819 3802 3080 3868; x_wconf 85' lang='lat' dir='ltr'><strong>opponere</strong></span> 
     </span>
     <span class='ocr_line' id='line_1_49' title="bbox 750 3854 3080 3926; baseline 0 -17"><span class='ocrx_word' id='word_1_539' title='bbox 750 3855 943 3914; x_wconf 84' lang='lat' dir='ltr'><strong>solent,</strong></span> <span class='ocrx_word' id='word_1_540' title='bbox 976 3858 1094 3911; x_wconf 89' lang='lat' dir='ltr'><strong>tum</strong></span> <span class='ocrx_word' id='word_1_541' title='bbox 1131 3857 1375 3926; x_wconf 79' lang='lat' dir='ltr'><strong>copulam</strong></span> <span class='ocrx_word' id='word_1_542' title='bbox 1419 3873 1577 3926; x_wconf 82' lang='lat' dir='ltr'><strong>aegre</strong></span> <span class='ocrx_word' id='word_1_543' title='bbox 1618 3856 1923 3917; x_wconf 85' lang='lat' dir='ltr'><strong>desiderari,</strong></span> <span class='ocrx_word' id='word_1_544' title='bbox 1995 3872 2095 3911; x_wconf 88' lang='lat' dir='ltr'><strong>uae</strong></span> <span class='ocrx_word' id='word_1_545' title='bbox 2130 3857 2187 3909; x_wconf 87' lang='lat' dir='ltr'><strong>in</strong></span> <span class='ocrx_word' id='word_1_546' title='bbox 2224 3872 2373 3926; x_wconf 88' lang='lat' dir='ltr'><strong>seqq.</strong></span> <span class='ocrx_word' id='word_1_547' title='bbox 2412 3872 2450 3910; x_wconf 94' lang='lat' dir='ltr'><strong>u</strong></span> <span class='ocrx_word' id='word_1_548' title='bbox 2487 3856 2608 3926; x_wconf 90' lang='lat' dir='ltr'><strong>ique</strong></span> <span class='ocrx_word' id='word_1_549' title='bbox 2641 3854 2831 3909; x_wconf 86' lang='lat' dir='ltr'><strong>addita</strong></span> <span class='ocrx_word' id='word_1_550' title='bbox 2853 3857 2943 3917; x_wconf 77' lang='lat' dir='ltr'><strong>sit,</strong></span> <span class='ocrx_word' id='word_1_551' title='bbox 2979 3854 3080 3909; x_wconf 90' lang='lat' dir='ltr'><strong>hoc</strong></span> 
     </span>
     <span class='ocr_line' id='line_1_50' title="bbox 748 3921 3075 3994; baseline -0 -17"><span class='ocrx_word' id='word_1_552' title='bbox 748 3922 886 3977; x_wconf 86' lang='lat' dir='ltr'><strong>nihil</strong></span> <span class='ocrx_word' id='word_1_553' title='bbox 924 3926 1034 3985; x_wconf 88' lang='lat' dir='ltr'><strong>est,</strong></span> <span class='ocrx_word' id='word_1_554' title='bbox 1082 3939 1207 3979; x_wconf 89' lang='lat' dir='ltr'><strong>nam</strong></span> <span class='ocrx_word' id='word_1_555' title='bbox 1246 3924 1431 3981; x_wconf 89' lang='lat' dir='ltr'><strong>eadem</strong></span> <span class='ocrx_word' id='word_1_556' title='bbox 1469 3942 1684 3994; x_wconf 86' lang='lat' dir='ltr'><strong>prorsus</strong></span> <span class='ocrx_word' id='word_1_557' title='bbox 1721 3926 1858 3980; x_wconf 86' lang='lat' dir='ltr'><strong>ratio</strong></span> <span class='ocrx_word' id='word_1_558' title='bbox 1899 3925 1965 3978; x_wconf 91' lang='lat' dir='ltr'><strong>ob</strong></span> <span class='ocrx_word' id='word_1_559' title='bbox 1998 3924 2106 3979; x_wconf 81' lang='lat' dir='ltr'><strong>‘net</strong></span> <span class='ocrx_word' id='word_1_560' title='bbox 2138 3924 2280 3978; x_wconf 88' lang='lat' dir='ltr'><strong>infra</strong></span> <span class='ocrx_word' id='word_1_561' title='bbox 2313 3939 2365 3976; x_wconf 71' lang='lat' dir='ltr'><strong>v.</strong></span> <span class='ocrx_word' id='word_1_562' title='bbox 2403 3925 2551 3986; x_wconf 67' lang='lat'><strong>498„</strong></span> <span class='ocrx_word' id='word_1_563' title='bbox 2591 3924 2684 3977; x_wconf 90' lang='lat' dir='ltr'><strong>ubi</strong></span> <span class='ocrx_word' id='word_1_564' title='bbox 2719 3921 2827 3976; x_wconf 80' lang='lat' dir='ltr'><strong>vid.</strong></span> <span class='ocrx_word' id='word_1_565' title='bbox 2868 3921 3075 3976; x_wconf 87' lang='lat' dir='ltr'><strong>adnott.</strong></span> 
     </span>
     <span class='ocr_line' id='line_1_51' title="bbox 749 3988 3077 4061; baseline -0 -16"><span class='ocrx_word' id='word_1_566' title='bbox 749 3990 956 4061; x_wconf 89' lang='lat' dir='ltr'><strong>Copula</strong></span> <span class='ocrx_word' id='word_1_567' title='bbox 996 3994 1436 4061; x_wconf 88' lang='lat' dir='ltr'><strong>pronuntiatione</strong></span> <span class='ocrx_word' id='word_1_568' title='bbox 1479 3995 1537 4047; x_wconf 88' lang='lat' dir='ltr'><strong>et</strong></span> <span class='ocrx_word' id='word_1_569' title='bbox 1577 3993 1722 4047; x_wconf 74' lang='lat' dir='ltr'><strong>brevi</strong></span> <span class='ocrx_word' id='word_1_570' title='bbox 1765 3991 2024 4047; x_wconf 86' lang='lat' dir='ltr'><strong>recitandi</strong></span> <span class='ocrx_word' id='word_1_571' title='bbox 2067 4007 2237 4061; x_wconf 87' lang='lat' dir='ltr'><strong>pausa</strong></span> <span class='ocrx_word' id='word_1_572' title='bbox 2268 3995 2392 4061; x_wconf 87' lang='lat' dir='ltr'><strong>post</strong></span> <span class='ocrx_word' id='word_1_573' title='bbox 2431 4007 2546 4044; x_wconf 83' lang='lat' dir='ltr'><strong>voc.</strong></span> <span class='ocrx_word' id='word_1_574' title='bbox 2582 4008 2782 4043; x_wconf 82' lang='lat' dir='ltr'><strong>annum</strong></span> <span class='ocrx_word' id='word_1_575' title='bbox 2815 3988 2964 4044; x_wconf 85' lang='lat' dir='ltr'><strong>facta</strong></span> <span class='ocrx_word' id='word_1_576' title='bbox 2997 3991 3077 4044; x_wconf 87' lang='lat' dir='ltr'><strong>fa-</strong></span> 
     </span>
     <span class='ocr_line' id='line_1_52' title="bbox 749 4057 3074 4129; baseline 0 -16"><span class='ocrx_word' id='word_1_577' title='bbox 749 4057 851 4114; x_wconf 86' lang='lat' dir='ltr'><strong>cile</strong></span> <span class='ocrx_word' id='word_1_578' title='bbox 885 4058 1122 4129; x_wconf 86' lang='lat' dir='ltr'><strong>suppleri</strong></span> <span class='ocrx_word' id='word_1_579' title='bbox 1162 4064 1359 4129; x_wconf 85' lang='lat' dir='ltr'><strong>potest.</strong></span> <span class='ocrx_word' id='word_1_580' title='bbox 1431 4059 1642 4115; x_wconf 82' lang='lat' dir='ltr'><strong>Servius</strong></span> <span class='ocrx_word' id='word_1_581' title='bbox 1679 4061 1791 4114; x_wconf 83' lang='lat' dir='ltr'><strong>voci</strong></span> <span class='ocrx_word' id='word_1_582' title='bbox 1831 4060 2070 4113; x_wconf 79' lang='lat' dir='ltr'><strong>Lumina</strong></span> <span class='ocrx_word' id='word_1_583' title='bbox 2104 4057 2234 4114; x_wconf 86' lang='lat' dir='ltr'><strong>haec</strong></span> <span class='ocrx_word' id='word_1_584' title='bbox 2269 4058 2580 4129; x_wconf 85' lang='lat' dir='ltr'><strong>adscripsit:</strong></span> <span class='ocrx_word' id='word_1_585' title='bbox 2630 4058 2915 4122; x_wconf 71' lang='lat' dir='ltr'><strong>„Numina</strong></span> <span class='ocrx_word' id='word_1_586' title='bbox 2950 4057 3074 4114; x_wconf 77' lang='lat' dir='ltr'><strong>fuit.</strong></span> 
     </span>
     <span class='ocr_line' id='line_1_53' title="bbox 750 4125 3074 4207; baseline -0.001 -26"><span class='ocrx_word' id='word_1_587' title='bbox 750 4125 845 4181; x_wconf 85' lang='lat' dir='ltr'><strong>sed</strong></span> <span class='ocrx_word' id='word_1_588' title='bbox 880 4126 1185 4181; x_wconf 76' lang='lat' dir='ltr'><strong>emendavit</strong></span> <span class='ocrx_word' id='word_1_589' title='bbox 1221 4129 1350 4199; x_wconf 86' lang='lat' dir='ltr'><strong>ipse,</strong></span> <span class='ocrx_word' id='word_1_590' title='bbox 1388 4128 1513 4196; x_wconf 90' lang='lat' dir='ltr'><strong>quia</strong></span> <span class='ocrx_word' id='word_1_591' title='bbox 1547 4131 1734 4197; x_wconf 83' lang='lat' dir='ltr'><strong>postea</strong></span> <span class='ocrx_word' id='word_1_592' title='bbox 1766 4128 1846 4181; x_wconf 84' lang='lat' dir='ltr'><strong>ait</strong></span> <span class='ocrx_word' id='word_1_593' title='bbox 1879 4128 1956 4180; x_wconf 76' lang='lat' dir='ltr'><strong>Et</strong></span> <span class='ocrx_word' id='word_1_594' title='bbox 1988 4145 2108 4186; x_wconf 75' lang='lat' dir='ltr'><strong>voe,</strong></span> <span class='ocrx_word' id='word_1_595' title='bbox 2171 4133 2444 4193; x_wconf 60' lang='lat' dir='ltr'><strong>apr-ectum</strong></span> <span class='ocrx_word' id='word_1_596' title='bbox 2476 4126 2797 4207; x_wconf 69' lang='lat' dir='ltr'><strong>praesentia</strong></span> <span class='ocrx_word' id='word_1_597' title='bbox 2834 4127 3074 4194; x_wconf 53' lang='lat' dir='ltr'><strong>numana,</strong></span> 
     </span>
     <span class='ocr_line' id='line_1_54' title="bbox 751 4192 3078 4265; baseline 0 -17"><span class='ocrx_word' id='word_1_598' title='bbox 751 4194 998 4249; x_wconf 76' lang='lat' dir='ltr'><strong>Fauni.“</strong></span> <span class='ocrx_word' id='word_1_599' title='bbox 1064 4194 1128 4248; x_wconf 91' lang='lat' dir='ltr'><strong>In</strong></span> <span class='ocrx_word' id='word_1_600' title='bbox 1174 4195 1339 4250; x_wconf 90' lang='lat' dir='ltr'><strong>Codd.</strong></span> <span class='ocrx_word' id='word_1_601' title='bbox 1382 4194 1543 4250; x_wconf 87' lang='lat' dir='ltr'><strong>huius</strong></span> <span class='ocrx_word' id='word_1_602' title='bbox 1583 4194 1854 4263; x_wconf 89' lang='lat' dir='ltr'><strong>lectionis,</strong></span> <span class='ocrx_word' id='word_1_603' title='bbox 1897 4211 2056 4265; x_wconf 83' lang='lat' dir='ltr'><strong>quam</strong></span> <span class='ocrx_word' id='word_1_604' title='bbox 2100 4199 2281 4248; x_wconf 82' lang='lat' dir='ltr'><strong>tamen</strong></span> <span class='ocrx_word' id='word_1_605' title='bbox 2317 4197 2520 4264; x_wconf 77' lang='lat' dir='ltr'><strong>recepit</strong></span> <span class='ocrx_word' id='word_1_606' title='bbox 2553 4192 2788 4254; x_wconf 85' lang='lat' dir='ltr'><strong>Wakef.,</strong></span> <span class='ocrx_word' id='word_1_607' title='bbox 2824 4208 2921 4247; x_wconf 87' lang='lat' dir='ltr'><strong>nec</strong></span> <span class='ocrx_word' id='word_1_608' title='bbox 2955 4194 3078 4248; x_wconf 81' lang='lat' dir='ltr'><strong>vola</strong></span> 
     </span>
     <span class='ocr_line' id='line_1_55' title="bbox 751 4261 3078 4335; baseline 0 -20"><span class='ocrx_word' id='word_1_609' title='bbox 751 4278 846 4316; x_wconf 87' lang='lat' dir='ltr'><strong>nec</strong></span> <span class='ocrx_word' id='word_1_610' title='bbox 892 4262 1181 4331; x_wconf 80' lang='lat' dir='ltr'><strong>vestigium</strong></span> <span class='ocrx_word' id='word_1_611' title='bbox 1224 4266 1463 4335; x_wconf 88' lang='lat' dir='ltr'><strong>apparet.</strong></span> <span class='ocrx_word' id='word_1_612' title='bbox 1515 4294 1572 4303; x_wconf 91' lang='lat'><em>-</em></span> <span class='ocrx_word' id='word_1_613' title='bbox 1617 4264 1934 4317; x_wconf 73' lang='lat' dir='ltr'><strong>labentem</strong></span> <span class='ocrx_word' id='word_1_614' title='bbox 1982 4263 2198 4322; x_wconf 80' lang='lat' dir='ltr'><strong>(sensim</strong></span> <span class='ocrx_word' id='word_1_615' title='bbox 2245 4262 2643 4332; x_wconf 60' lang='lat' dir='ltr'><strong>procedentem)</strong></span> <span class='ocrx_word' id='word_1_616' title='bbox 2686 4261 2874 4314; x_wconf 84' lang='lat' dir='ltr'><strong>caelo</strong></span> <span class='ocrx_word' id='word_1_617' title='bbox 2912 4279 3078 4331; x_wconf 77' lang='lat' dir='ltr'><strong>quae</strong></span> 
     </span>
     <span class='ocr_line' id='line_1_56' title="bbox 750 4329 3076 4410; baseline 0.001 -28"><span class='ocrx_word' id='word_1_618' title='bbox 750 4329 1000 4384; x_wconf 73' lang='lat' dir='ltr'><strong>ducitis</strong></span> <span class='ocrx_word' id='word_1_619' title='bbox 1038 4341 1090 4396; x_wconf 69' lang='lat' dir='ltr'><strong>(r</strong></span> <span class='ocrx_word' id='word_1_620' title='bbox 1161 4330 1268 4392; x_wconf 85' lang='lat' dir='ltr'><strong>’tis,</strong></span> <span class='ocrx_word' id='word_1_621' title='bbox 1304 4330 1671 4388; x_wconf 85' lang='lat' dir='ltr'><strong>moderamini)</strong></span> <span class='ocrx_word' id='word_1_622' title='bbox 1707 4349 1963 4398; x_wconf 79' lang='lat' dir='ltr'><strong>annum,</strong></span> <span class='ocrx_word' id='word_1_623' title='bbox 2002 4329 2057 4383; x_wconf 88' lang='lat' dir='ltr'><strong>h.</strong></span> <span class='ocrx_word' id='word_1_624' title='bbox 2094 4346 2140 4384; x_wconf 91' lang='lat' dir='ltr'><strong>e.</strong></span> <span class='ocrx_word' id='word_1_625' title='bbox 2178 4346 2400 4410; x_wconf 86' lang='lat' dir='ltr'><strong>quorum</strong></span> <span class='ocrx_word' id='word_1_626' title='bbox 2427 4330 2653 4384; x_wconf 89' lang='lat' dir='ltr'><strong>decursu</strong></span> <span class='ocrx_word' id='word_1_627' title='bbox 2676 4330 2788 4383; x_wconf 88' lang='lat' dir='ltr'><strong>tem</strong></span> <span class='ocrx_word' id='word_1_628' title='bbox 2827 4343 2922 4382; x_wconf 87' lang='lat' dir='ltr'><strong>ora</strong></span> <span class='ocrx_word' id='word_1_629' title='bbox 2948 4331 3076 4384; x_wconf 87' lang='lat' dir='ltr'><strong>anni</strong></span> 
     </span>
     <span class='ocr_line' id='line_1_57' title="bbox 754 4397 3075 4463; baseline 0 -11"><span class='ocrx_word' id='word_1_630' title='bbox 754 4397 1076 4452; x_wconf 84' lang='lat' dir='ltr'><strong>efficiuntur.</strong></span> <span class='ocrx_word' id='word_1_631' title='bbox 1233 4400 1354 4453; x_wconf 89' lang='lat' dir='ltr'><strong>buit</strong></span> <span class='ocrx_word' id='word_1_632' title='bbox 1389 4402 1515 4454; x_wconf 88' lang='lat' dir='ltr'><strong>ante</strong></span> <span class='ocrx_word' id='word_1_633' title='bbox 1550 4399 1727 4452; x_wconf 89' lang='lat' dir='ltr'><strong>oculos</strong></span> <span class='ocrx_word' id='word_1_634' title='bbox 1774 4415 1958 4453; x_wconf 81' lang='lat' dir='ltr'><strong>versus</strong></span> <span class='ocrx_word' id='word_1_635' title='bbox 1993 4397 2229 4452; x_wconf 79' lang='lat' dir='ltr'><strong>Lucretii</strong></span> <span class='ocrx_word' id='word_1_636' title='bbox 2274 4398 2346 4463; x_wconf 78' lang='lat' dir='ltr'><strong>V,</strong></span> <span class='ocrx_word' id='word_1_637' title='bbox 2397 4400 2688 4452; x_wconf 79' lang='lat'>1435—38.</span> <span class='ocrx_word' id='word_1_638' title='bbox 2789 4399 3009 4451; x_wconf 62' lang='lat' dir='ltr'><strong>,eterum</strong></span> <span class='ocrx_word' id='word_1_639' title='bbox 3047 4415 3075 4453; x_wconf 89' lang='lat' dir='ltr'><strong>e</strong></span> 
     </span>
     <span class='ocr_line' id='line_1_58' title="bbox 752 4463 3075 4538; baseline 0.001 -21"><span class='ocrx_word' id='word_1_640' title='bbox 752 4465 928 4518; x_wconf 79' lang='lat' dir='ltr'><strong>verbis</strong></span> <span class='ocrx_word' id='word_1_641' title='bbox 962 4465 1123 4520; x_wconf 76' lang='lat' dir='ltr'><strong>Ferte</strong></span> <span class='ocrx_word' id='word_1_642' title='bbox 1154 4469 1349 4538; x_wconf 75' lang='lat' dir='ltr'><strong>pedem</strong></span> <span class='ocrx_word' id='word_1_643' title='bbox 1384 4484 1432 4520; x_wconf 83' lang='lat' dir='ltr'><strong>v.</strong></span> <span class='ocrx_word' id='word_1_644' title='bbox 1483 4470 1561 4521; x_wconf 88' lang='grc'><strong>11.</strong></span> <span class='ocrx_word' id='word_1_645' title='bbox 1596 4466 1683 4520; x_wconf 86' lang='lat' dir='ltr'><strong>hic</strong></span> <span class='ocrx_word' id='word_1_646' title='bbox 1720 4465 2013 4521; x_wconf 88' lang='lat' dir='ltr'><strong>communis</strong></span> <span class='ocrx_word' id='word_1_647' title='bbox 2045 4465 2144 4520; x_wconf 82' lang='lat' dir='ltr'><strong>illa</strong></span> <span class='ocrx_word' id='word_1_648' title='bbox 2176 4467 2321 4520; x_wconf 88' lang='lat' dir='ltr'><strong>notio</strong></span> <span class='ocrx_word' id='word_1_649' title='bbox 2359 4465 2679 4537; x_wconf 84' lang='lat' dir='ltr'><strong>supplenda:</strong></span> <span class='ocrx_word' id='word_1_650' title='bbox 2723 4463 2909 4519; x_wconf 88' lang='lat' dir='ltr'><strong>adeste</strong></span> <span class='ocrx_word' id='word_1_651' title='bbox 2942 4465 3075 4520; x_wconf 86' lang='lat' dir='ltr'><strong>mihi</strong></span> 
     </span>
     <span class='ocr_line' id='line_1_59' title="bbox 751 4532 3071 4602; baseline 0 -16"><span class='ocrx_word' id='word_1_652' title='bbox 751 4533 979 4588; x_wconf 88' lang='lat' dir='ltr'><strong>canenti.</strong></span> <span class='ocrx_word' id='word_1_653' title='bbox 1015 4566 1081 4575; x_wconf 92' lang='lat'>—</span> <span class='ocrx_word' id='word_1_654' title='bbox 1118 4533 1170 4593; x_wconf 84' lang='grc'><strong>7.</strong></span> <span class='ocrx_word' id='word_1_655' title='bbox 1207 4536 1341 4590; x_wconf 90' lang='lat' dir='ltr'><strong>Post</strong></span> <span class='ocrx_word' id='word_1_656' title='bbox 1374 4533 1549 4590; x_wconf 88' lang='lat' dir='ltr'><strong>Solem</strong></span> <span class='ocrx_word' id='word_1_657' title='bbox 1596 4537 1651 4589; x_wconf 89' lang='lat' dir='ltr'><strong>et</strong></span> <span class='ocrx_word' id='word_1_658' title='bbox 1684 4534 1917 4596; x_wconf 86' lang='lat' dir='ltr'><strong>Lunam,</strong></span> <span class='ocrx_word' id='word_1_659' title='bbox 1967 4549 2000 4587; x_wconf 85' lang='lat' dir='ltr'><strong>a</strong></span> <span class='ocrx_word' id='word_1_660' title='bbox 2042 4533 2235 4602; x_wconf 89' lang='lat' dir='ltr'><strong>quibus</strong></span> <span class='ocrx_word' id='word_1_661' title='bbox 2282 4534 2453 4589; x_wconf 87' lang='lat' dir='ltr'><strong>omnis</strong></span> <span class='ocrx_word' id='word_1_662' title='bbox 2499 4550 2584 4589; x_wconf 88' lang='lat' dir='ltr'><strong>res</strong></span> <span class='ocrx_word' id='word_1_663' title='bbox 2616 4532 2821 4587; x_wconf 89' lang='lat' dir='ltr'><strong>rustica</strong></span> <span class='ocrx_word' id='word_1_664' title='bbox 2857 4532 3071 4602; x_wconf 87' lang='lat' dir='ltr'><strong>pendet,</strong></span> 
     </span>
     <span class='ocr_line' id='line_1_60' title="bbox 752 4600 3074 4673; baseline 0.001 -19"><span class='ocrx_word' id='word_1_665' title='bbox 752 4600 963 4656; x_wconf 84' lang='lat' dir='ltr'><strong>invocat</strong></span> <span class='ocrx_word' id='word_1_666' title='bbox 1003 4605 1165 4672; x_wconf 73' lang='lat' dir='ltr'><strong>poeta</strong></span> <span class='ocrx_word' id='word_1_667' title='bbox 1213 4604 1341 4660; x_wconf 85' lang='lat' dir='ltr'><strong>deos</strong></span> <span class='ocrx_word' id='word_1_668' title='bbox 1389 4601 1460 4657; x_wconf 86' lang='lat' dir='ltr'><strong>ad</strong></span> <span class='ocrx_word' id='word_1_669' title='bbox 1503 4601 1742 4672; x_wconf 80' lang='lat' dir='ltr'><strong>singulas</strong></span> <span class='ocrx_word' id='word_1_670' title='bbox 1784 4603 1896 4657; x_wconf 86' lang='lat' dir='ltr'><strong>eius</strong></span> <span class='ocrx_word' id='word_1_671' title='bbox 1940 4603 2122 4671; x_wconf 86' lang='lat' dir='ltr'><strong>partes</strong></span> <span class='ocrx_word' id='word_1_672' title='bbox 2166 4604 2223 4657; x_wconf 90' lang='lat' dir='ltr'><strong>et</strong></span> <span class='ocrx_word' id='word_1_673' title='bbox 2259 4618 2456 4672; x_wconf 81' lang='lat' dir='ltr'><strong>genera</strong></span> <span class='ocrx_word' id='word_1_674' title='bbox 2493 4601 2839 4673; x_wconf 87' lang='lat' dir='ltr'><strong>pertinentes.</strong></span> <span class='ocrx_word' id='word_1_675' title='bbox 2910 4600 3074 4656; x_wconf 78' lang='lat' dir='ltr'><strong>Recte</strong></span> 
     </span>
    </p>
   </div>
  </div>
 </body>
</html>
