3616 5026
596 201 713 264 356
1315 196 1389 260 Ρ.
1435 193 1807 260 VERGILI
1847 193 2246 262 MARONIS

593 361 739 427 Hoc
828 363 1087 446 inguem
1132 368 1197 426 et
1235 361 1546 448 placitam
1588 361 1750 428 Paci
1792 363 2077 427 nutritor
2120 360 2377 428 olivam.
2819 377 2918 428 425

810 466 960 509 oma
1045 466 1274 532 uoque,
1317 455 1387 510 ut
1430 446 1714 532 primum
1754 453 2015 511 truncos
2061 468 2318 510 sensere
2357 445 2629 511 valentis

589 526 680 592 Et
711 529 883 592 vires
929 526 1015 592 ha
1063 550 1217 592 uere
1263 550 1433 611 suas,
1479 528 1566 593 ad
1609 528 1829 595 sidera
1869 530 2111 616 raptim

587 610 671 674 Vi
715 612 983 709 propria
1025 612 1316 675 nituntur
1359 612 1633 699 opisque
1674 610 1850 677 haud
1894 611 2121 699 indiga
2161 621 2440 678 nostrae.

588 694 723 757 Nec
764 716 973 758 minus
1017 695 1265 759 interea
1307 695 1441 760 fetu
1482 717 1709 760 nemus
1752 718 1942 761 omne
2067 697 2312 761 avescit

586 778 1105 865 Sanouineisque
1147 777 1389 842 inculta
1430 777 1665 843 rubent
1707 779 1961 843 aviaria
2046 781 2200 844 aeis,
2825 792 2921 838 43⁴³

586 859 728 925 Ton
777 871 963 925 entur
1009 863 1219 946 cytisi,
1263 860 1491 926 taedas
1533 861 1701 926 silva
1744 862 1878 927 alta
1919 864 2262 944 ministrat,

582 941 1072 1030 Pascunturque
1114 947 1296 1030 ignes
1338 947 1639 1011 nocturni
1687 956 1751 1010 et
1795 945 2046 1010 lumina
2086 944 2374 1010 fundunt.

586 1024 693 1106 [Et
734 1025 1036 1092 dubitant
1076 1026 1368 1094 homines
1415 1051 1631 1095 serere
1674 1040 1870 1116 atque
1909 1028 2287 1115 impendere
2330 1050 2549 1092 curam
2565 1027 2617 1105 ⁶2]

580 1275 712 1340 425.
749 1280 921 1347 Hoc,
968 1283 1186 1350 propter
1238 1280 1361 1344 hoc,
1424 1282 1724 1350 propterea.
1795 1281 1920 1336 Vid.
1962 1299 2023 1335 su
2064 1298 2125 1337 ra
2161 1280 2230 1334 ad
2268 1296 2317 1333 v.
2357 1281 2472 1333 312.
2506 1309 2572 1318 -—
2606 1277 2922 1344 nutritor,

583 1349 801 1417 antique
836 1365 933 1417 pro
975 1350 1208 1414 nutrito,
1258 1350 1434 1415 mari,
1498 1364 1621 1402 nam
1661 1347 1924 1405 Priscian.
2104 1391 2117 1410 ,
2156 1354 2202 1406 5.
2244 1350 2323 1401 26.
2366 1350 2437 1416 (p.
2477 1349 2591 1399 798.
2629 1343 2712 1401 P.)
2751 1344 2920 1399 docet.

583 1419 805 1472 vetereS.
841 1420 906 1469 ut
941 1415 1118 1470 bellor
1156 1433 1249 1485 pro
1284 1417 1444 1484 bello,
1478 1416 1788 1497 comperior
1828 1435 1927 1487 pro
1973 1418 2270 1488 comperio,
2329 1415 2692 1534 copulovgdpro
2727 1414 2925 1482 copulo

584 1487 706 1544 etc„
741 1485 820 1537 ita
856 1484 1020 1537 etiam
1058 1485 1276 1537 matre-'or
1305 1502 1402 1564 pro
1436 1492 1620 1537 nutv-zo
1656 1482 1867 1540 dixisse.
1937 1484 2059 1538 vid.
2096 1486 2256 1539 etiam
2295 1481 2504 1536 adnott.
2643 1481 2773 1533 Aen.
2821 1480 2923 1539 III,

583 1555 666 1606 61.
703 1557 758 1606 et
791 1551 887 1616 XI,
925 1554 1039 1605 660.
1076 1555 1132 1605 et
1166 1553 1232 1605 cf.
1271 1551 1548 1605 Ribbeckii
1581 1550 1792 1618 Proleg.
1833 1570 1885 1622 p.
1917 1556 2029 1607 148.
2056 1558 2111 1606 et
2143 1555 2252 1606 196.
2288 1582 2351 1590 --
2381 1550 2704 1619 placitam
2740 1548 2924 1601 Paci.

585 1619 666 1672 Cf.
728 1620 860 1673 Aen.
911 1618 1043 1680 vn,
1087 1623 1199 1673 154.
1264 1623 1317 1672 et
1376 1620 1532 1676 VIII.
1578 1623 1690 1674 116.
1751 1620 1930 1690 ibique
1990 1621 2197 1674 adnott.
2262 1652 2322 1659 —
2388 1615 2518 1676 426.
2578 1615 2926 1669 Commendat

583 1690 742 1756 poeta
780 1691 1076 1741 ceterarum
1112 1703 1318 1756 quoque
1351 1688 1602 1740 arborum
1639 1688 1862 1742 cultum.
1915 1720 1963 1730 -
2028 1689 2250 1754 Poma,
2292 1702 2424 1756 quae
2467 1683 2706 1737 indicant
2747 1699 2927 1737 omnes

582 1754 832 1807 arborum
874 1755 1082 1807 fructus
1127 1755 1427 1809 esculentos
1470 1756 1563 1820 (cf.
1608 1772 1771 1824 supra
1802 1773 1849 1812 v.
1890 1763 1971 1811 59.
2013 1759 2144 1821 δῖλ,
2207 1755 2292 1808 hic
2334 1771 2428 1823 pro
2471 1753 2601 1821 ipsis
2645 1751 2922 1805 arboribus

582 1821 1109 1943 Ξέῗῗὲἶῗὲοέιξξι
1145 1823 1375 1960 Ῑιζῆ..8“
1414 1821 2070 1946 ἱῗιὲἆι-ἔῡηῗιωῖηῖἑῃζ
2081 1825 2320 1950 ’'imi-{i
2357 1830 2927 1941 ‘532'220s23'220533

583 1973 671 2010 cos
705 1930 1048 2011 necessarios.
1090 1990 1150 1998 —
1182 1959 1461 2029 raptim,
1501 1957 1709 2027 rapide.
1757 1963 1821 2011 ut
1859 1976 2023 2030 supra
2058 1959 2110 2020 1,
2151 1963 2268 2012 409.
2304 1956 2456 2022 Quod
2493 1955 2560 2009 ad
2597 1956 2614 2008 i
2653 1928 2768 2007 sani
2805 1971 2924 2008 sen-

582 2023 810 2078 tentiam
844 2026 1061 2088 attinet,
1100 2027 1165 2080 cf.
1203 2043 1367 2094 supra
1402 2043 1448 2080 v,
1491 2029 1555 2079 80
1591 2043 1671 2096 sq.
1708 2056 1770 2064 —-
1811 2026 1944 2088 428.
1991 2027 2158 2081 Poeta
2199 2026 2444 2079 imitatus
2488 2026 2573 2077 est
2662 2023 2924 2075 ucretiuin

581 2091 653 2154 Π,
691 2094 804 2145 650.
839 2093 967 2162 ipsa
1004 2095 1119 2146 cuis
1145 2094 1368 2163 pollens
1407 2094 1626 2164 opibus,
1676 2094 1761 2147 m’l
1798 2095 1990 2163 imliqcz
2022 2095 2213 2148 nostri.
2251 2124 2315 2132 —-
2352 2093 2421 2145 vi
2448 2090 2765 2160 propria,
2828 2107 2923 2144 na-

580 2161 708 2212 tura
741 2176 856 2213 sua.
905 2192 970 2200 —
1020 2162 1316 2230 opisque.
1387 2160 1647 2230 Copulam
1698 2162 1991 2224 adiectam,
2043 2179 2177 2232 quae
2226 2177 2345 2215 cum
2390 2160 2461 2213 ab
2504 2158 2708 2228 aliquot
2755 2157 2923 2212 Codd.

582 2227 753 2286 absit.
813 2227 1018 2286 Hevnio
1056 2228 1327 2290 „fulcrum
1361 2244 1550 2282 versus
1585 2245 1618 2282 a
1651 2228 2029 2284 Grammaticis
2073 2229 2436 2284 submissum‘·
2482 2227 2718 2280 videtur.
2783 2232 2923 2279 recte

583 2293 822 2348 defendit
857 2283 955 2347 Wa
1035 2336 1072 2352 ..
1129 2313 1249 2349 cuni
1283 2297 1403 2350 inae
1442 2296 1590 2350 ualia
1631 2298 1873 2352 membra
1907 2299 2231 2365 coniungens
2269 2297 2540 2349 fortiorem
2581 2291 2771 2347 reddat
2806 2309 2922 2346 ora·

582 2362 798 2415 tionem.
869 2361 935 2415 Vi
980 2404 991 2416 .
1029 2363 1127 2426 Qu.
1171 2363 1319 2430 Virg.
1596 2405 1609 2428 ,
1646 2368 1693 2417 2.
1734 2369 1789 2420 et
1827 2365 2039 2420 adnott.
2085 2365 2153 2420 ad
2200 2364 2314 2418 Ecl.
2351 2363 2499 2424 vm,
2545 2365 2655 2415 101.
2691 2391 2759 2400 -
2792 2359 2921 2419 429.

584 2428 807 2498 „Pergit
850 2429 905 2482 in
948 2432 1413 2498 argumentatione
1455 2448 1624 2500 usque
1670 2432 1737 2486 ad
1783 2449 1831 2487 v.
1868 2437 1985 2487 454.
2063 2433 2117 2487 Si
2164 2433 2308 2486 oleae
2351 2435 2408 2484 et
2452 2446 2604 2482 omne
2715 2445 2920 2482 morum

621 2513 751 2551 enus
786 2513 891 2551 non
928 2498 1149 2552 eandem
1186 2516 1248 2553 ac
1282 2500 1466 2554 vineae
1511 2516 1728 2569 operam
1773 2500 2106 2561 desiderant:
2172 2499 2341 2555 multo
2380 2498 2556 2552 minus
2597 2512 2653 2550 re
2681 2496 2803 2566 'qua
2837 2512 2923 2550 ar-

580 2515 769 2619 gorum
802 2582 1001 2633 genera
1032 2566 1233 2620 laboris
1268 2568 1512 2637 exigunt,
1554 2572 1610 2621 et
1643 2584 1866 2638 magnos
1905 2575 2087 2624 tamen
2123 2569 2332 2623 fructus
2371 2567 2568 2630 ferunt,
2608 2581 2705 2619 nec
2741 2570 2919 2617 tamen

578 2632 748 2687 ullam
782 2632 944 2688 aliam
981 2650 1162 2687 curam
1197 2635 1433 2703 exigunt,
1470 2650 1631 2704 quam
1667 2642 1732 2689 ut
1755 2642 2056 2692 seramus.“
2093 2637 2270 2705 Heyn.
2310 2665 2363 2675 -
2412 2634 2474 2687 N
2482 2651 2550 2687 cc
2585 2634 2797 2685 minus
2830 2633 2922 2683 iu-

581 2709 757 2753 terea
799 2700 1032 2755 formula
1074 2701 1310 2770 Vergilio
1354 2704 1577 2757 usitata.
1656 2703 1738 2757 Cf.
1789 2704 1915 2759 Geo.
1962 2705 2061 2769 111,
2104 2708 2219 2757 311.
2257 2704 2384 2756 Aen.
2425 2702 2477 2764 Ι,
2517 2703 2632 2754 633.
2669 2698 2763 2760 VI,
2802 2702 2914 2753 212.

580 2767 703 2829 XII,
744 2772 854 2822 107.
925 2768 1011 2822 Sic
1047 2770 1210 2824 etiam
1248 2771 1376 2824 Geo.
1414 2771 1458 2833 I,
1501 2774 1582 2823 83.
1620 2771 1739 2825 Nec
1772 2773 1930 2826 nulla
1977 2774 2199 2826 interea.
2239 2802 2303 2809 ——
2341 2771 2620 2833 interea,
2671 2766 2798 2820 dum
2842 2767 2921 2819 vi-

578 2837 727 2890 tibus
760 2839 877 2889 tam
911 2837 1091 2905 gravis
1126 2837 1278 2891 labor
1311 2838 1670 2908 impenditur,
1736 2839 1989 2909 oleaeque
2038 2844 2092 2894 et
2134 2839 2279 2908 pomi
2315 2838 2515 2891 minore
2550 2835 2700 2889 cultu
2737 2851 2922 2902 prove-

578 2904 753 2958 niunt.
790 2936 857 2943 ——
892 2921 1071 2958 omne
1101 2923 1317 2957 nemus
1377 2922 1531 2960 omne
1556 2906 1805 2961 arborum
1832 2908 2161 2962 silvestrium
2182 2922 2369 2976 genua,
2392 2921 2555 2972 qrav
2567 2903 2732 2956 escit
2754 2904 2918 2965 fetu.

580 2971 749 3040 noyn.
789 2972 897 3025 iam
936 2988 1050 3025 eom
1091 2976 1211 3026 arat
1246 2947 1358 3027 Eoi.
1399 2973 1508 3035 m,
1547 2977 1627 3028 56.
1665 2993 1806 3029 nunc
1844 2976 2020 3030 omns..
2044 2973 2297 3045 parturit
2328 2975 2493 3026 arbos
2533 2970 2644 3033 <ubi
2683 2968 2787 3048 isid.
2825 2970 2919 3023 aa·

579 3041 741 3103 nott.)
776 3043 832 3093 et
870 3038 1026 3093 Lucr.
1097 3081 1109 3101 ‚
1147 3043 1244 3094 253
1281 3057 1399 3111 sqq.
1459 3042 1535 3094 At
1589 3042 1800 3097 nitidae
1842 3049 2072 3113 seryum
2113 3043 2308 3109 fruyes
2358 3039 2605 3118 ramique
2651 3044 2923 3090 var-esmant

577 3107 904 3173 Arbor-ibae,
941 3116 1190 3160 crescunt
1223 3109 1381 3177 ipsae
1412 3113 1638 3177 fetuque
1669 3120 1988 3177 yravanmr.
2025 3141 2088 3151 —
2126 3108 2255 3169 430.
2310 3108 2582 3161 aviana
2628 3104 2916 3157 secundum

578 3174 819 3229 Servium
854 3178 984 3229 sunt
1018 3179 1225 3229 secreta
1256 3192 1552 3240 nemorum,
1590 3192 1724 3246 quae
1763 3194 1890 3232 aves
1925 3179 2286 3246 frequentant.
2357 3174 2530 3242 Supra
2563 3188 2612 3227 v.
2640 3174 2756 3225 328.
2790 3173 2920 3225 avia

577 3241 818 3321 virqulta
867 3246 923 3295 et
957 3258 1007 3295 v.
1050 3245 1162 3297 209.
1216 3245 1411 3297 dmnos
1467 3245 1666 3298 αυίαηι.
1737 3246 1968 3299 Aviarii
2023 3248 2201 3299 autem
2255 3258 2365 3296 voc.
2401 3244 2615 3311 praeter
2649 3238 2701 3292 h.
2740 3239 2779 3292 l.
2814 3256 2916 3293 non

579 3310 683 3363 nisi
720 3310 786 3363 de
820 3309 1126 3364 domesticis
1162 3313 1218 3364 et
1253 3311 1514 3365 conclusis
1553 3313 1732 3366 avium
1765 3312 2118 3383 receptaculis
2152 3328 2217 3365 us
2321 3314 2464 3369 atur,
2504 3311 2569 3362 ut
2602 3323 2635 3360 a
2669 3306 2823 3360 Varr.
2852 3307 2915 3359 R.

577 3376 642 3431 R.
677 3377 781 3441 111,
818 3381 867 3439 3,
908 3381 952 3431 7.
991 3381 1039 3441 4,
1082 3381 1127 3431 3.
1167 3383 1215 3439 5,
1255 3384 1300 3432 5.
1349 3378 1555 3432 Colum.
1602 3379 1761 3442 VIII,
1802 3385 1848 3443 1,
1886 3386 1932 3435 3.
1978 3380 2084 3434 Cic.
2126 3380 2226 3444 Qu.
2318 3394 2358 3431 r.
2401 3376 2503 3438 111,
2546 3380 2588 3435 1,
2628 3379 2670 3427 1.
2709 3379 2812 3427 etc.
2852 3407 2864 3413 -
2899 3408 2910 3411 -

575 3463 1194 3577 Π
1724 3446 2071 3579 ‘effi-513¹·
2583 3442 2916 3563 ...3.

679 3553 691 3566 .
783 3552 796 3578 ,
902 3554 913 3565 .
1047 3553 1058 3574 ,
1174 3534 1209 3566 ι.
1376 3553 1388 3566 .
1534 3554 1547 3576 ,
1690 3556 1701 3567 .
1857 3561 1867 3569 .
1907 3535 1936 3569 o
1977 3559 1987 3570 .
2050 3545 2115 3554 -
2153 3534 2211 3583 cy
2357 3554 2368 3565 .
2512 3551 2524 3563 .
2779 3554 2787 3562 .

575 3579 688 3633 Ecl.
725 3581 770 3643 1,
811 3583 892 3633 78.
929 3582 985 3633 et
1021 3580 1173 3633 Voss.
1213 3578 1282 3633 ad
1318 3579 1373 3634 h.
1408 3580 1444 3637 l.
1487 3613 1553 3621 —
1590 3585 1829 3636 tacdae
1863 3586 1964 3638 etc.
2038 3581 2138 3645 „In
2191 3536 2427 3652 pedestri
2485 3577 2718 3631 oratione
2771 3582 2914 3630 stru-

577 3654 731 3702 ctura
762 3648 979 3701 fuisset:
1007 3650 1215 3726 ‘taedas
1245 3648 1389 3702 eilva
1423 3648 1721 3729 ministrat,
1762 3653 1975 3719 quibus,
2012 3667 2109 3703 seu
2143 3652 2304 3715 unde,
2343 3649 2494 3728 2:9¹1oe
2524 3651 2826 3714 pascuntur
2860 3645 2914 3714 [i.

577 3731 807 3862 aar.
828 3715 1554 3862 εειεεεεεῶεεεεεεεεε
1577 3712 2916 3856 ...εεεεεεεἭε-’.εεεεεώεεεε

574 3850 769 3902 lwnmi
797 3867 1081 3904 sacrorum
1113 3858 1276 3903 ettam
1308 3859 1494 3918 gyrata:
1531 3849 1670 3906 Plin.
1708 3852 1852 3915 XVI,
1879 3860 1956 3918 10,
1989 3856 2107 3907 19.“
2147 3852 2322 3922 Heyn.
2359 3880 2423 3889 -
2463 3821 2591 3909 452
2631 3847 2912 3900 P‘1802W·

574 3923 681 3970 tur
713 3917 892 3986 iqnes
926 3918 1244 3972 nocturni
1274 3923 1376 3972 etc.
1417 3920 1564 3973 arcte
1600 3918 1879 3975 cohaerere
1914 3938 2036 3976 cum
2061 3918 2518 3979 antecedentibus,
2555 3915 2640 3968 vix
2666 3919 2750 3968 &st
2773 3915 2913 3982 quod

576 3999 995 4039 commemorem.
1066 3984 1338 4039 Pedestris
1385 3986 1645 4040 orationis
1681 3988 1914 4057 scriptor
1948 3986 2195 4043 dixisset:
2247 3985 2434 4041 taedas
2450 4027 2462 4049 ,
2545 3998 2644 4037 uae
2684 3989 2912 4051 pascunt

579 4052 589 4062 “
669 4068 726 4105 es
760 4053 1082 4130 ‘materiam
1134 4054 1393 4123 praebent
1436 4054 1569 4123 igni)
1625 4060 1680 4108 et
1722 4056 1971 4112 incensae
2016 4055 2199 4109 lumen
2233 4053 2486 4109 fundunt.
2509 4001 2623 4104 qlta
2697 4051 2817 4103 aser·
2846 4050 2912 4104 de

612 4134 802 4172 ammis
858 4120 1018 4174 efiain
1081 4122 1225 4190 apud
1278 4120 1428 4176 ovid.
1487 4121 1616 4176 Met.
1680 4122 1833 4187 XIV,
1870 4129 1989 4179 467.
2061 4123 2299 4177 Danaas
2331 4125 2607 4193 paverunt
2691 4135 2752 4171 er
2785 4137 2909 4171 ama

566 4186 839 4253 flammas.
909 4187 992 4241 Of.
1031 4188 1191 4242 etiam
1211 4190 1341 4243 Aen.
1380 4190 1422 4251 Ι,
1451 4191 1564 4244 608.
1596 4190 1765 4260 polus
1801 4194 1933 4246 dum
1966 4192 2186 4246 sidera<
2294 4198 2389 4255 cet,
2427 4187 2522 4241 ubi
2554 4182 2661 4239 vid.
2810 4188 2907 4239 ott.

574 4252 823 4308 Ceterum
858 4254 925 4308 cf.
959 4256 1091 4309 Aen.
1128 4255 1246 4317 Vn,
1277 4261 1354 4311 13.
1391 4265 1661 4311 nocturna
1694 4259 1751 4312 in
1788 4261 2014 4315 lumina.
2051 4288 2118 4297 —
2150 4209 2293 4319 ἐξ
2315 4257 2372 4311 Si
2406 4256 2493 4310 hic
2516 4268 2700 4308 versus
2724 4255 2910 4323 genui-

574 4336 674 4374 nus
709 4324 818 4386 est,
863 4323 939 4376 sic
975 4320 1289 4390 explicetur:
1363 4324 1509 4389 Quae
1555 4341 1673 4379 cum
1718 4326 1797 4379 ita
1834 4329 1970 4391 sint,
2026 4341 2199 4380 nonne
2234 4325 2433 4381 debent
2465 4322 2702 4376 homines
2737 4338 2909 4376 serere

576 4403 664 4441 eas
703 4390 933 4453 arbores,
970 4405 1178 4443 omnem
1218 4406 1399 4444 curam
1440 4392 1506 4445 iis
1545 4392 1891 4462 impendere?
1928 4397 2014 4451 Sic
2049 4395 2189 4448 em'm
2214 4397 2270 4448 et
2291 4392 2421 4448 alibi
2441 4389 2645 4458 Copula
2669 4395 2734 4453 εἰ,
2756 4406 2910 4459 prae·

572 4454 815 4510 cedentia
846 4456 927 4510 ita
962 4461 1227 4526 spectans,
1270 4464 1332 4511 ut
1367 4459 1686 4529 respondeat
1720 4462 1980 4519 formulae
2014 4478 2153 4531 quae
2190 4479 2309 4515 cum
2346 4462 2427 4514 ita
2457 4458 2568 4513 sint
2601 4459 2738 4521 (und
2760 4459 2833 4510 da
2854 4485 2907 4497 -·

572 4523 758 4587 noch),
820 4523 873 4575 in
918 4525 1428 4590 interrogationibus
1472 4527 1813 4582 hortantibus
1858 4534 2121 4600 usurpata
2163 4529 2380 4597 legitur.
2455 4526 2536 4581 Cf.
2572 4524 2700 4578 Aen.
2739 4525 2782 4587 1,
2820 4527 2904 4578 48.

574 4585 651 4635 Et
682 4589 965 4656 quisquam
1001 4608 1191 4643 numen
1222 4593 1453 4645 lunonis
1487 4597 1726 4649 adorat?
1762 4596 1854 4659 VI,
1890 4603 2004 4653 807,
2062 4595 2138 4647 Et
2172 4597 2483 4651 dubitamus
2518 4593 2700 4647 adhuc
2734 4592 2904 4645 virtu·
