3616 5026
1453 241 1981 312 GEORGIOON
2020 245 2189 319 LIB.
2230 246 2351 312 III.
2946 256 3057 318 421

733 409 876 473 Iam
919 407 1098 474 eadit
1143 418 1563 498 extremoque
1606 411 1858 476 inrorat
1901 411 2227 511 Aquarius
2273 437 2457 480 anno.

737 491 921 557 Haec
960 512 1220 591 quoque
1263 516 1393 559 non
1435 516 1593 559 cura
1632 493 1823 559 nobis
1866 494 2109 560 leviore
2150 498 2447 579 tuendae,
2960 511 3061 560 305

734 576 872 640 Nec
907 596 1118 641 mmor
1160 598 1315 641 usus
1361 579 1502 659 erit,
1549 579 1849 664 quamvis
1893 578 2153 644 Milasia
2195 601 2433 665 magno

735 658 997 724 Vellera
1035 668 1359 724 mutentur
1403 660 1643 747 Tyrios
1686 661 1943 726 incocta
1986 661 2289 727 rubores:

732 927 780 978 6.
820 924 1130 978 stabulaum·
1161 939 1328 994 pecus
1356 923 1567 988 melius,
1604 928 1686 979 ad
1714 927 1970 981 hibernos
2003 934 2220 980 erorum
2251 928 2306 980 ci
2334 934 2565 997 spectat,
2599 930 2752 996 quod
2783 933 2861 978 cst
2894 926 3062 979 alsio-

731 994 866 1045 m'cm.
934 991 1017 1046 Cf.
1052 990 1282 1061 Geopon.
1318 991 1518 1056 XVIII,
1556 999 1604 1047 9.
1639 1024 1706 1034 ——
1738 1011 1776 1046 a
1812 995 2045 1060 ventis,
2104 994 2155 1048 h.
2193 1011 2237 1048 e.
2277 1010 2465 1048 aversa
2498 1010 2531 1048 a
2564 996 2762 1056 ventis,
2800 992 3063 1063 imprimis

732 1059 998 1129 aquilone.
1067 1058 1152 1112 cf.
1192 1059 1335 1113 infra
1371 1076 1422 1113 v.
1448 1063 1601 1115 318.“
1637 1061 1816 1131 Heyn.
1861 1062 1946 1116 Sic
1979 1062 2141 1115 etiam
2175 1078 2260 1132 ap.
2288 1060 2443 1117 Grat.
2473 1063 2672 1141 Cyneg.
2700 1065 2815 1116 422.
2844 1081 2882 1115 a
2905 1068 3061 1115 vento

732 1143 828 1197 pro
865 1128 1038 1182 aversi
1077 1142 1112 1180 a
1143 1131 1318 1181 vento.
1357 1156 1423 1166 —
1458 1127 1736 1183 hiberno
1770 1130 1914 1182 soli
1949 1147 2029 1199 op
2090 1137 2380 1183 οπτιηειιν
2415 1145 2475 1183 eo
2513 1145 2646 1198 ipsu.
2683 1129 2823 1199 quod
2840 1127 3067 1182 amaad

731 1196 1011 1249 meridiem
1043 1211 1321 1249 conversa.
1380 1193 1534 1249 Voss.
1571 1212 1632 1249 ex
1659 1211 1763 1249 uno
1795 1196 2013 1251 Arunde
2040 1239 2052 1251 .
2085 1198 2215 1250 dum
2248 1212 2364 1251 rece
2402 1197 2465 1260 it,
2504 1196 2645 1266 quod
2680 1197 2842 1250 etiam
2874 1195 3060 1250 Iahnio

732 1263 1090 1342 necessarium
1128 1261 1357 1324 videtur.
1395 1262 1498 1315 nisi
1533 1262 1740 1317 Puncto
1775 1266 1899 1333 post
1933 1265 2073 1318 diem
2103 1265 2278 1335 posito
2304 1280 2360 1318 re
2385 1264 2511 1385 {fua
2535 1265 2611 1317 sic
2629 1263 3057 1332 distinguantur:

735 1329 870 1384 Cum
902 1331 1153 1400 tn'qzdus
1187 1359 1206 1369 —
1243 1359 1267 1370 -
1300 1347 1484 1396 anu05
1518 1331 1647 1384 Hae
1679 1348 1894 1400 quoqne
1916 1361 1940 1373 ·
1966 1362 1989 1374 -
2014 1335 2261 1386 tuendae.
2321 1331 2388 1386 Se
2458 1331 2613 1385 nulla
2647 1347 2863 1400 prorsus
2899 1346 3062 1386 causa

729 1401 981 1468 apparet,
1041 1414 1136 1452 cur
1172 1396 1496 1466 reliquorum
1531 1400 1766 1452 omnium
1805 1399 1974 1454 Codd.
2013 1400 2294 1454 lectionem
2332 1403 2387 1453 et
2422 1399 2697 1466 vulgarem
2731 1398 2834 1452 loci
2867 1396 3059 1452 distin-

730 1466 960 1520 ctionem
1008 1465 1344 1519 deseramus:
1403 1480 1574 1535 neque
1618 1465 1782 1520 donec
1823 1468 2089 1537 Aquarius
2131 1467 2290 1522 cadat
2336 1469 2419 1532 (ut
2455 1466 2608 1520 Voss.
2653 1465 2828 1519 locum
2871 1467 3055 1534 capit),

731 1533 824 1588 sed
861 1550 922 1588 eo
955 1533 1073 1602 ipso
1112 1537 1371 1601 tempore,
1431 1550 1536 1602 quo
1572 1534 1746 1596 cadat,
1803 1534 1934 1589 haec
1972 1535 2149 1589 omnia
2184 1534 2427 1589 facienda
2463 1534 2594 1588 dicit
2627 1532 2909 1598 Vergilius.
2979 1533 3057 1587 De

727 1602 906 1655 verbis
940 1619 1061 1654 eum
1095 1632 1116 1642 ·
1152 1632 1174 1642 ·
1210 1600 1341 1654 olim
1372 1600 1495 1654 Iam
1532 1603 1600 1654 cf.
1638 1617 1702 1656 su
1741 1617 1802 1654 ra
1835 1602 1907 1662 Π,
1945 1606 2060 1656 403.
2098 1603 2277 1671 ibique
2312 1602 2521 1656 adnott.
2557 1633 2623 1642 —
2659 1595 2787 1661 304.
2837 1601 3058 1667 Aqua-

723 1669 872 1722 rius
908 1666 1273 1736 (Ὺδροχόος),
1324 1668 1664 1722 undecimum
1806 1669 1819 1681 ’
1888 1671 1904 1722 i
1937 1669 2176 1734 signum.
2211 1671 2266 1723 in
2301 1667 2443 1737 quod
2478 1668 2561 1722 sol
2596 1684 2775 1721 mense
2807 1667 3059 1721 Ianuario

724 1735 1046 1806 ingreditur,
1085 1735 1280 1789 occidit
1312 1735 1486 1789 medio
1519 1735 1835 1797 Februario,
1874 1735 2013 1805 quod
2048 1740 2260 1806 tempus
2299 1736 2385 1790 hic
2419 1744 2769 1789 extremum
2803 1752 3054 1801 annum,

723 1805 761 1858 i.
804 1820 849 1858 e.
890 1805 1182 1857 extremam
1217 1802 1342 1856 anni
1375 1806 1603 1872 partem.
1639 1806 1795 1856 vocat
1830 1808 2004 1873 poeta,
2043 1804 2170 1873 quia
2203 1804 2403 1858 rustico
2438 1819 2611 1857 annus
2628 1818 2803 1857 rerum
2831 1805 3056 1855 naturae

726 1871 1123 1926 convenientius
1158 1885 1191 1923 a
1223 1886 1382 1924 verno
1417 1874 1656 1939 tempore
1690 1871 1902 1925 initium
1938 1871 2100 1926 habet
2114 1911 2126 1932 ,
2181 1888 2285 1940 quo
2321 1872 2496 1940 operis
2533 1870 2718 1924 rustici
2749 1885 2885 1923 nova
2918 1869 3057 1922 fiunt

726 1938 957 1999 exordia,
997 1937 1160 2007 (quod
1194 1936 1300 1991 iam
1334 1938 1503 2006 Heyn.
1542 1937 1758 1994 docuit).
1836 1939 1918 1993 cf.
1955 1939 2083 1994 Ge0.
2117 1939 2161 2000 Ι,
2199 1942 2280 1993 64.
2322 1945 2377 1993 et
2412 1938 2609 1992 Tibull.
2646 1938 2745 1992 111.
2789 1941 2832 1996 1.
2876 1941 2897 1991 1
2940 1954 3052 2006 sqq.

722 2007 891 2061 Poeta
917 2010 1098 2060 autem
1124 2005 1256 2058 satis
1290 2004 1456 2059 habet
1490 2009 1781 2060 extremam
1819 2006 2007 2061 hiemis
2041 2011 2252 2076 partem
2285 2006 2741 2125 significandam
2776 2009 3052 2074 appareat,

724 2091 904 2129 curam
943 2073 1096 2127 illam
1128 2088 1223 2142 per
1257 2075 1430 2127 totam
1469 2074 1694 2127 hiemem
1731 2089 1847 2128 esse
1880 2074 2252 2128 adhibendam.
2300 2105 2362 2113 -—·
2412 2073 2541 2134 305.
2674 2091 2786 2126 aee
2820 2079 3055 2141 (caprae)

725 2174 744 2184 -
781 2174 802 2184 -
837 2174 856 2183 -
908 2142 1191 2194 tuendae
1238 2156 1300 2193 ex
1344 2141 1495 2195 Rom.
1540 2146 1595 2195 et
1645 2143 1841 2208 fragm.
1887 2142 2012 2195 Vat.
2064 2143 2151 2202 (cf.
2200 2141 2362 2195 etiam
2404 2140 2678 2195 Ribbeckii
2715 2140 2838 2194 Var.
2876 2139 3052 2201 lectio,

723 2208 865 2263 unde
899 2207 1337 2271 concludendum,
1377 2209 1541 2262 etiam
1574 2207 1734 2262 Bern.
1772 2210 1824 2262 b.
1865 2225 1898 2262 a
1934 2226 2006 2262 m.
2043 2224 2145 2263 sec.
2183 2208 2424 2263 exhibere
2459 2209 2592 2262 haec
2623 2237 2645 2248 -
2670 2237 2692 2248 -
2717 2210 2961 2273 tacendae,
2999 2211 3055 2260 et

722 2275 993 2344 Philarg.:
1056 2275 1116 2340 „1
1188 2275 1295 2329 'tur
1334 2278 1389 2329 et
1423 2276 1612 2329 baed&
1657 2291 1776 2329 cum
1811 2276 2098 2330 Ribbeckio
2145 2279 2201 2330 et
2237 2275 2571 2342 Coningtone
2614 2276 2932 2343 recepimus,
2992 2277 3055 2329 ut

725 2345 798 2397 sit
831 2343 1102 2413 antiquior
1160 2359 1309 2397 orma
1352 2343 1507 2396 Nom.
1545 2342 1692 2398 Plur.
1737 2344 1921 2397 femin.
1970 2344 2205 2412 generis,
2262 2359 2423 2413 quam
2467 2359 2553 2413 ap.
2600 2342 2752 2396 Lucr.
2793 2342 2895 2404 ΙΠ,
2934 2347 3052 2396 600.

722 2413 889 2477 (haec,
929 2427 1079 2465 mens
1118 2415 1174 2465 et
1206 2411 1408 2470 anima.
1452 2412 1574 2481 ipso
1609 2429 1730 2464 eum
1767 2429 2000 2482 corpore
2037 2411 2429 2480 combefiunt:
2486 2411 2551 2465 cf.
2590 2409 2812 2463 Lachm.
2851 2409 2921 2464 ad
2956 2410 3049 2470 VI,

723 2483 837 2535 456.
874 2496 926 2549 p.
964 2481 1124 2540 372³.
1166 2478 1283 2533 Ter.
1319 2478 1484 2534 Andr.
1531 2478 1623 2541 IV,
1672 2483 1714 2541 1.
1755 2483 1838 2534 32.
1887 2481 2040 2543 (haee
2091 2479 2362 2550 nuptiae),
2410 2479 2519 2534 Cic.
2571 2478 2724 2532 Taso.
2767 2478 2811 2535 I.
2853 2482 2930 2541 11,
2969 2480 3051 2531 22.

725 2549 879 2603 (hacc
937 2548 1273 2606 sententiae).
1336 2547 1465 2601 ibid.
1503 2547 1604 2605 111.
1644 2551 1726 2607 34.
1763 2551 1847 2602 84.
1885 2549 2038 2614 (hacc
2078 2556 2202 2600 eum
2241 2548 2376 2601 illac
2405 2549 2635 2615 fibrae),
2691 2545 2821 2599 alibi
2863 2545 3052 2615 optimi

721 2616 895 2669 Codd.
932 2614 1198 2677 exhibent,
1240 2615 1491 2683 cuiusque
1525 2615 1666 2683 apud
1702 2616 1863 2683 Verg.
1903 2615 2067 2670 etiam
2110 2614 2218 2669 alia
2249 2615 2482 2683 vestig-ia
2514 2614 2869 2667 inveniuntur.
2944 2612 3052 2673 (Sic

719 2684 848 2737 Aen.
884 2683 993 2743 ΙΠ,
1037 2686 1149 2735 167.
1191 2682 1400 2751 Menag.
1443 2686 1488 2735 1.
1529 2684 1586 2735 et
1621 2682 1807 2737 Franc.
1846 2686 1901 2737 et
1936 2682 2056 2741 VII.
2099 2686 2207 2735 175.
2253 2682 2407 2736 Rom.
2451 2682 2709 2749 praebent
2749 2683 2882 2734 lmec
2915 2709 2938 2720 -
2970 2697 3052 2732 se-

720 2753 831 2817 des,
869 2749 963 2811 Vl.
1001 2753 1116 2803 852.
1150 2748 1269 2803 Pal.
1306 2766 1339 2803 a
1377 2766 1446 2803 m.
1483 2766 1564 2818 pr.
1603 2751 1736 2803 haec
1772 2780 1791 2790 ·
1826 2758 1999 2817 artes,
2044 2749 2166 2809 XII,
2204 2753 2320 2804 849.
2355 2749 2512 2813 (haec
2546 2779 2569 2791 -
2604 2778 2627 2789 -
2656 2754 2876 2818 pestes).
2932 2747 3049 2816 qui-

719 2819 820 2872 bus
871 2821 1051 2871 tamen
1098 2816 1152 2870 in
1197 2816 1328 2870 locis
1371 2821 1592 2886 propter
1630 2822 1925 2872 ceterorum
1970 2818 2202 2871 omnium
2250 2817 2514 2870 librorum
2554 2831 2865 2870 consensum
3035 2857 3046 2867 .

719 2888 822 2939 hac
856 2884 1148 2938 sollicitare
1184 2900 1288 2937 non
1322 2885 1440 2939 ausi
1478 2887 1708 2945 sumus.)
1776 2886 1857 2939 Cf.
1892 2890 2076 2939 tamen
2114 2884 2440 2939 Fleckeisen.
2476 2883 2530 2936 in
2554 2884 2690 2937 Mus.
2727 2882 2893 2937 Rhen.
2922 2881 2996 2935 VI
3033 2922 3045 2933 .

719 2971 773 3022 p.
811 2956 901 3005 271
947 2969 1065 3022 sqq.
1135 2951 1256 3005 Non
1299 2953 1493 3006 mirum
1539 2955 1719 3006 autem
1766 2955 1874 3015 est,
1938 2953 2075 3007 hanc
2120 2952 2347 3006 formam
2393 2951 2570 3004 minus
2617 2951 2885 3017 cognitam
2919 2963 3048 3019 (qua

721 3036 848 3074 sane
883 3019 1073 3087 Wagn.
1111 3019 1164 3071 in
1202 3019 1397 3073 Philol.
1440 3019 1625 3099 Suppl.
1661 3020 1703 3074 1.
1742 3038 1794 3090 p.
1834 3024 1949 3074 373.
2021 3019 2317 3089 Vergilium
2366 3018 2689 3072 abstinuisse
2732 3019 2945 3071 oensem
2980 3016 3049 3069 li-

721 3088 927 3142 brarios
963 3086 1206 3147 movisse,
1247 3091 1308 3140 ut
1344 3087 1560 3156 plurimi
1597 3087 1758 3151 (inter
1799 3104 1930 3156 quos
1965 3089 2129 3142 etiam
2164 3087 2306 3141 Med.
2344 3090 2402 3139 et
2437 3085 2542 3139 duo
2569 3086 2747 3139 Rern.)
2783 3085 2915 3137 leaeo
2949 3100 3046 3137 (sc.

721 3155 960 3217 stabula)
996 3184 1019 3196 -
1053 3184 1078 3196 -
1113 3157 1328 3217 utenda,
1366 3154 1458 3208 alii
1492 3158 1674 3209 autem
1714 3157 1877 3213 (inter
1922 3171 2055 3224 quos
2091 3154 2209 3209 Pal.
2248 3157 2301 3209 et
2339 3153 2480 3207 Gud.
2518 3169 2552 3207 a
2589 3170 2657 3206 m.
2694 3158 2794 3222 pr.)
2830 3153 2931 3204 hae
2965 3180 2988 3191 -
3025 3181 3048 3191 -

720 3225 953 3277 mendae
998 3223 1311 3276 scriberent.
1377 3221 1556 3275 Ceteri
1602 3224 1920 3277 recentiores
1966 3222 2199 3277 editores
2238 3223 2342 3275 hae
2390 3225 2687 3275 servarunt.
2762 3217 2954 3272 Wund.
2991 3221 3048 3271 et

723 3291 836 3360 ipse
897 3289 1178 3344 lectionem
1230 3289 1388 3343 Haec
1423 3318 1446 3330 -
1486 3320 1509 3331 -
1551 3291 1749 3344 tuenda
1792 3290 2082 3345 defendens
2129 3289 2260 3344 haec
2302 3288 2512 3343 adiicit:
2585 3289 2869 3344 ..veterum
2906 3284 3047 3339 hunc

719 3373 933 3412 versum
979 3357 1049 3412 ad
1090 3358 1268 3427 priora
1301 3355 1624 3411 trahendum
1671 3373 1787 3412 esse
1844 3359 2144 3411 arbitratus
2206 3358 2362 3426 plene
2406 3360 2531 3425 post
2571 3357 2772 3408 arcenda
2809 3353 3046 3431 distinxi.

720 3425 854 3479 Tum
887 3441 983 3479 noc
1020 3430 1128 3479 est:
1188 3425 1289 3485 Et,
1326 3425 1371 3477 si
1408 3441 1588 3479 curam
1625 3424 1689 3478 iis
1725 3426 1924 3479 iustam
1961 3424 2309 3494 impenderis,
2368 3443 2479 3477 nou
2512 3424 2694 3476 minor
2724 3439 2853 3474 uem
2885 3423 3050 3473 cret.“

719 3492 821 3546 Sed
856 3494 1102 3562 praestat
1135 3491 1375 3561 vulgaris
1407 3493 1570 3553 ratio,
1623 3508 1741 3547 cum
1777 3511 1913 3546 cura
1950 3496 2005 3546 et
2038 3510 2170 3545 mm
2206 3495 2391 3561 aperte
2428 3491 2532 3543 sibi
2568 3488 2948 3558 respondeant,
2987 3490 3052 3540 ut

719 3560 988 3614 sententia
1021 3560 1102 3613 ita
1133 3559 1409 3629 procedat:
1448 3575 1511 3613 ca
1546 3576 1637 3614 rae
1673 3576 1880 3630 quoque
1914 3576 2165 3625 magnam
2204 3576 2384 3613 curam
2425 3562 2668 3627 poscunt.
2705 3557 2798 3610 sed
2834 3554 3049 3611 eaedem

718 3644 824 3682 non
858 3627 1115 3681 minorem
1150 3627 1384 3681 afferunt
1417 3628 1495 3681 ut'
1527 3628 1730 3682 'tatem
1771 3659 1835 3668 —-
1870 3626 1999 3688 806.
2041 3627 2295 3696 „Caprini
2330 3625 2539 3695 generis
2573 3641 2699 3678 cura
2725 3641 2826 3677 non
2852 3626 2939 3677 est
2959 3638 3050 3675 ne-

721 3694 993 3765 gligenda,
1030 3695 1132 3749 etsi
1171 3695 1416 3749 ditiorem
1449 3698 1767 3764 proventum
1802 3712 1863 3749 ex
1901 3696 2090 3748 ovibus
2127 3712 2243 3749 esse
2279 3694 2465 3761 negari
2502 3692 2712 3761 nequit:
2749 3695 2833 3744 est
2868 3694 3048 3743 tamen

722 3764 886 3818 etiam
920 3778 980 3817 ex
1015 3763 1189 3833 capris
1222 3762 1435 3816 utilitas
1470 3761 1666 3832 aliqua.
1736 3762 2021 3816 Milesiam
2054 3763 2242 3816 lanam
2274 3764 2539 3815 memorat
2572 3764 2847 3829 poetarum
2886 3774 3047 3817 more.

721 3831 918 3901 quibus
953 3845 1122 3899 genus
1158 3829 1372 3950 ειΙὶἚοά
1391 3871 1403 3893 ,
1467 3835 1524 3883 et
1559 3829 1772 3900 quidem
1810 3830 2174 3898 praestantius
2212 3830 2347 3891 fere,
2443 3845 2499 3882 ro
2538 3827 2801 3881 communi
2838 3825 3050 3880 nomine

761 3896 1026 3952 onenduni
1065 3899 1206 3951 est.“
1309 3915 1423 3966 eyn.
1460 3896 1544 3951 Cf.
1579 3897 1789 3952 adnott.
1826 3897 1894 3951 ad
1925 3898 2036 3951 Ecl.
2061 3898 2105 3955 Ι,
2131 3902 2213 3951 54.
2284 3898 2362 3950 De
2459 3894 2728 3949 ilesiorum
2765 3891 2891 3947 Iana
2914 3892 3049 3946 mol·

745 3966 929 4019 ‘asima
987 3969 1044 4018 et
1099 3965 1485 4034 pretiosissima
1546 3965 1615 4019 cf.
1661 3965 1932 4035 Aristoph.
1976 3965 2102 4034 Lys.
2141 3969 2253 4022 729.
2296 3966 2430 4018 Rau.
2468 3967 2587 4016 541.
2629 3962 2806 4030 ibique
2851 3959 3049 4014 Scholl.

727 4033 943 4087 Theocr.
999 4031 1115 4092 XV.
1159 4036 1268 4085 125.
1328 4032 1522 4086 Athen.
1581 4032 1702 4087 XII.
1737 4050 1792 4102 p.
1831 4037 1948 4088 553.
1984 4032 2048 4085 Β.
2117 4033 2286 4093 (Tom.
2330 4031 2423 4085 IV.
2462 4048 2515 4100 p.
2553 4034 2668 4084 555.
2734 4027 3051 4091 ὃοὶιννείεὶι.)

719 4100 896 4154 Strab.
939 4098 1060 4154 XII.
1139 4138 1152 4151 .
1189 4103 1305 4152 578.
1339 4100 1548 4154 Colum.
1587 4100 1710 4157 VII.
1747 4105 1795 4159 2.
1839 4105 1886 4154 3.
1923 4100 2062 4154 Plin.
2098 4100 2250 4156 VIII.
2285 4103 2369 4157 48.
2409 4103 2492 4152 73.
2543 4097 2766 4151 Dorvill.
2808 4096 2875 4150 ad
2912 4095 3051 4150 Cha-

718 4168 806 4222 rit.
846 4185 899 4237 p.
938 4170 1052 4221 350.
1141 4166 1347 4221 alcken.
1393 4167 1462 4221 ad
1499 4168 1714 4222 Theocr.
1762 4168 2019 4222 Adoniaz.
2052 4186 2103 4237 p.
2140 4173 2258 4222 404.
2298 4170 2354 4221 et
2390 4166 2547 4220 Baer.
2583 4166 2653 4219 ad
2686 4164 2834 4218 Plut.
2873 4163 3048 4217 Alcib.

715 4253 764 4305 p.
797 4238 894 4288 194
912 4251 991 4304 sq.
1028 4234 1280 4289 Ceterum
1315 4234 1544 4289 Milesia
1575 4235 1776 4289 vellera
1813 4235 2041 4290 redeunt
2072 4235 2215 4290 infra
2237 4236 2366 4291 Geo.
2398 4233 2493 4298 IV,
2517 4236 2631 4286 334.
2676 4262 2731 4271 —
2773 4248 3051 4298 „mamm

714 4311 1066 4363 mutentur,
1100 4307 1491 4371 permutentur.
1528 4319 1723 4369 mag-uo
1756 4304 1927 4372 pretio
1965 4307 2214 4358 emantur
2247 4302 2351 4372 [vel
2386 4301 2566 4371 potius
2602 4302 2920 4354 vendantur.
2966 4298 3050 4352 cf.

718 4369 925 4425 Colum.
964 4368 1083 4432 vn.
1120 4375 1170 4425 9.
1206 4370 1410 4425 lactem
1483 4389 1643 4424 orcus
1695 4387 1822 4424 aere
1856 4373 2147 4426 'arctandus
2190 4380 2280 4426 est.
2347 4368 2557 4423 Ladew.
2604 4370 2789 4438 putat.
2840 4370 3049 4436 poetam

717 4437 817 4492 hac
862 4453 987 4492 voce
1032 4452 1222 4506 parum
1268 4436 1426 4492 defini
1536 4439 1640 4497 uti.
1703 4440 1830 4508 quia
1862 4442 1917 4492 et
1951 4455 2034 4493 em
2073 4439 2177 4493 tori
2213 4443 2268 4494 et
2309 4437 2574 4492 venditori
2607 4452 2859 4505 magnum
2896 4434 3051 4512 lanae

714 4503 1048 4626 sem?
1068 4456 2786 4645 ssssffssffffzzsszisd⁰ssssuisssw&saisisse
2901 4519 3053 4623 3:52

1001 4612 1016 4638 9
1743 4616 1756 4637 φ
2996 4614 3005 4622 ·

717 4639 897 4711 Heyn.
932 4640 1011 4695 De
1047 4643 1443 4697 constructione
1480 4642 1583 4699 vid.
1620 4642 1831 4698 aduott.
1866 4642 1935 4697 ad
1972 4641 2085 4698 Ecl.
2126 4644 2172 4709 Ι,
2207 4646 2289 4697 54.
2330 4641 2530 4711 Tyriae
2551 4641 2605 4705 (i.
2633 4657 2677 4695 e.
2706 4637 3044 4699 Phoenicius,
