3616 5026
564 209 684 274 346
1268 205 1342 273 P.
1385 204 1754 273 VERGILI
1794 206 2191 277 MARONIS

719 370 819 438 Ac
861 372 1013 439 dum
1057 373 1273 460 prima
1312 375 1502 439 novis
1544 373 1860 439 adolescit
1901 375 2241 442 frondibus
2286 386 2485 461 aetas,

554 454 963 521 Parcendum
1003 457 1262 539 teneris,
1303 466 1370 521 et
1412 456 1567 521 dum
1608 478 1677 521 se
1718 456 1927 523 laetus
1970 459 2054 524 ad
2099 482 2293 527 auras

556 537 816 605 Palmes
859 542 997 626 agit
1037 539 1207 605 laxis
1248 561 1367 627 per
1401 562 1640 640 purum
1680 541 1991 607 inmissus
2031 541 2322 626 habenis,

555 620 587 687 1
637 645 710 687 sa
752 625 894 688 acie
938 622 1222 689 nondum
1265 622 1454 689 falcis
1495 624 1895 723 temptanda,
1941 625 2057 691 sed
2098 628 2281 691 uncis
2788 639 2891 691 365

616 705 944 792 arpendae
987 705 1285 771 manibus
1330 706 1594 774 frondes
1635 718 1930 807 interque
1973 708 2302 794 legendae.

557 788 717 855 Inde
758 788 872 855 ubi
916 791 1049 855 iam
1092 790 1333 855 validis
1377 789 1721 877 amplexae
1765 792 2081 878 stirpibus
2124 791 2330 860 ulmos

555 872 875 955 Exierint‚
922 884 1057 938 tum
1103 874 1349 960 stringe
1389 897 1629 957 comas,
1671 886 1806 940 tum
1850 874 2163 941 bracchia
2202 877 2399 943 tonde
2451 919 2524 928 —-

550 956 721 1023 Ante
766 956 1192 1023 reformidant
1231 958 1478 1023 ferrum
1523 968 1656 1023 tum
1703 958 1979 1045 denique
2022 957 2184 1026 dura

549 1040 808 1106 Exerce
847 1041 1129 1128 imperia
1171 1051 1235 1107 et
1274 1064 1495 1108 ramos
1539 1063 1879 1129 compesce
1922 1042 2198 1110 fluentis,
2789 1061 2889 1111 370

552 1259 673 1313 dem
708 1259 774 1314 de
800 1262 1091 1331 putatione
1128 1278 1222 1316 seu
1249 1261 1688 1333 pampinatione,
1728 1277 1866 1330 quae
1899 1261 1956 1314 in
1989 1277 2127 1316 nova
2160 1262 2348 1316 fronde
2422 1263 2546 1318 lane
2571 1263 2886 1329 omittenda,

549 1328 603 1381 in
637 1330 822 1382 tenero
858 1327 1088 1397 palmite
1121 1346 1226 1383 non
1264 1330 1430 1393 ferro,
1494 1327 1589 1382 sed
1624 1345 1803 1408 ungue
1839 1329 2131 1392 tentanda,
2195 1330 2250 1383 in
2283 1330 2352 1385 ad
2412 1334 2527 1385 tam
2563 1348 2685 1386 vero
2722 1333 2884 1387 vitem

549 1411 729 1449 severe
778 1396 851 1449 sit
894 1397 1203 1452 exercenda.
1278 1396 1597 1466 „Praecepti
1645 1412 1874 1465 primam
1916 1402 2127 1467 partem
2170 1398 2449 1453 confirmat
2496 1399 2643 1454 Theo
2681 1399 2760 1454 hr.
2823 1400 2888 1455 de

549 1479 693 1517 caus.
734 1464 905 1534 plant.
950 1464 1050 1528 111,
1087 1469 1137 1518 9.
1173 1466 1305 1520 Cato
1344 1469 1427 1528 33,
1465 1468 1543 1528 2.;
1596 1467 1658 1518 at
1694 1464 1898 1519 refellit
1930 1465 2232 1520 Columella
2268 1481 2387 1520 cum
2437 1466 2500 1532 V,
2550 1471 2599 1530 6,
2644 1471 2725 1522 ’2.
2767 1469 2885 1523 tum

548 1531 641 1590 IV,
683 1535 762 1594 11,
807 1536 852 1586 1.
889 1550 1030 1611 nam·
1056 1531 1215 1586 illam
1261 1541 1489 1586 veterem
1536 1533 1845 1603 opinionem
1886 1534 2170 1611 flammavit
2208 1551 2360 1614 nque,
2420 1552 2535 1588 non
2575 1552 2687 1589 esse
2717 1539 2888 1605 fer-ro

542 1601 865 1736 ‘ssssffi'ffi
890 1600 1548 1737 ?”.mmv²⁶‘“⁰2tftt“²‘ff.²253.’
1609 1603 1976 1737 831²...ssssssss
2016 1604 2237 1723 {13ssss
2239 1604 2390 1724 {5¹33
2399 1604 2625 1725 2333?
2636 1607 2889 1751 affl?

543 1732 795 1815 Ceterum
833 1736 1004 1790 omnis
1039 1737 1091 1791 h.
1127 1737 1166 1790 l.
1204 1736 1273 1791 ad
1308 1735 1549 1816 Ifucretii
1585 1735 1884 1816 exemplum
1919 1736 2210 1799 formatus,
2250 1737 2342 1806 qui
2375 1736 2477 1798 III,
2517 1743 2618 1792 450
2652 1756 2770 1809 sqq.
2807 1745 2887 1795 ita

544 1806 712 1857 camt:
772 1803 927 1870 Inde,
977 1805 1078 1857 ubi
1119 1804 1360 1858 robustus
1406 1803 1707 1858 adolevit
1740 1804 1999 1856 vtrzbus
2033 1812 2274 1867 aestas,
2341 1802 2642 1860 Consilium
2673 1825 2886 1876 quoque

541 1871 719 1923 maius
744 1901 763 1911 ·
793 1902 810 1913 -
836 1901 884 1938 -,
920 1871 1061 1925 Post
1090 1872 1205 1925 ubi
1239 1873 1370 1926 iam
1401 1871 1661 1925 validis
1692 1879 2012 1940 quassatum
2047 1881 2125 1926 eet
2159 1873 2370 1926 viribus
2391 1874 2518 1926 aevi
2542 1872 2754 1944 Corpus
2777 1878 2879 1929 etc.

544 1969 610 1977 —
669 1940 849 1993 eniti.
911 1939 994 1991 Of.
1033 1939 1175 1993 infra
1211 1956 1263 1993 v,
1300 1943 1398 1993 427
1437 1955 1517 2007 sq.
1587 1969 1651 1978 —-
1730 1938 2050 1994 tabulata.
2098 1939 2177 1993 De
2213 1939 2297 1994 his
2334 1941 2587 1995 arborum
2621 1941 2885 1996 tabulatis

545 2010 661 2060 arte
696 2006 993 2060 formandis
1032 2008 1098 2061 cf.
1136 2007 1343 2061 Colum.
1382 2007 1446 2069 V,
1488 2011 1535 2071 6,
1576 2010 1657 2060 11.
1694 2008 1776 2059 23.
1814 2009 1896 2060 24.
1943 2006 2085 2061 Plin.
2123 2007 2249 2072 XII,
2291 2013 2334 2069 1,
2373 2012 2419 2061 5.
2465 2007 2638 2072 XVII,
2678 2013 2760 2070 23,
2800 2014 2881 2064 35.

544 2077 673 2128 sect.
719 2076 802 2127 22.
851 2077 907 2127 et
950 2078 1033 2129 25.
1082 2075 1360 2142 (Similiter
1407 2075 1473 2129 de
1518 2089 1760 2138 uvarum,
1810 2073 2069 2128 olivarum
2128 2080 2230 2129 etc.
2282 2074 2548 2130 tabulatis
2597 2077 2652 2131 in
2695 2076 2881 2140 doleiS,

541 2140 665 2195 ollis
702 2141 1051 2197 instituendis
1086 2159 1259 2197 sermo
1295 2147 1380 2198 est
1414 2159 1500 2214 ap.
1535 2142 1742 2197 Colum.
1768 2141 1893 2202 XII,
1922 2146 2005 2204 39,
2040 2146 2089 2196 3.
2119 2147 2200 2206 43,
2244 2145 2292 2196 2.
2333 2147 2383 2198 3.
2416 2146 2500 2206 48,
2542 2147 2615 2207 3.)
2650 2177 2715 2185 -
2752 2143 2883 2206 362.

542 2210 689 2263 dum
723 2210 944 2289 prima
979 2240 1003 2251 -
1041 2240 1064 2251 -
1103 2219 1316 2279 aetas,
1359 2212 1489 2266 dum
1525 2214 1739 2264 tenerae
1774 2212 1905 2263 sunt
1941 2210 2159 2265 frondes
2193 2211 2351 2265 modo
2377 2218 2587 2266 enatae.
2626 2212 2708 2268 cf.
2734 2211 2882 2267 locus

540 2276 664 2331 huic
700 2278 952 2332 similiter
996 2280 1359 2333 conformatus
1395 2280 1526 2333 Aen.
1563 2278 1685 2340 VII,
1725 2282 1823 2332 354
1863 2295 1890 2331 s
1969 2318 1982 2330 .
2051 2307 2116 2318 --
2180 2276 2313 2340 363.
2364 2282 2453 2334 ad
2496 2298 2712 2334 auras.
2759 2279 2879 2335 vid.

540 2344 749 2399 adnott.
785 2344 855 2399 sd
890 2345 1003 2400 Ecl.
1042 2346 1087 2404 Ι,
1126 2349 1209 2400 56.
1234 2350 1291 2400 et
1317 2363 1481 2416 supra
1504 2364 1552 2399 v.
1580 2350 1695 2400 291.
1739 2377 1804 2386 —
1849 2293 1982 2405 332.
2019 2344 2205 2398 laxis
2241 2347 2550 2400 inmissus
2584 2349 2881 2412 habenis,

540 2410 606 2466 de
642 2412 904 2468 celeribus
941 2415 997 2467 et
1032 2414 1214 2468 effusis
1253 2415 1598 2469 incrementis
1635 2412 1841 2467 dictum
1886 2412 1955 2466 ad
2000 2413 2237 2467 Lucretii
2282 2413 2580 2483 exemplum
2602 2457 2615 2479 ,
2674 2414 2765 2484 qui
2813 2415 2878 2478 V,

541 2482 654 2535 785.
695 2481 864 2537 canit:
903 2481 1212 2536 Arboribus
1246 2485 1434 2537 dottam
1471 2490 1552 2535 est
1572 2481 1747 2536 variis
1767 2482 1961 2536 exinde
1979 2498 2084 2552 per
2107 2499 2279 2535 avaras
2308 2479 2611 2537 Cresmmdi
2630 2501 2883 2552 maynum

542 2549 781 2603 imm‘ssis
819 2558 1089 2604 een-mmm
1138 2551 1378 2604 habenis.
1447 2549 1688 2605 Eandem
1734 2549 2024 2604 dictionem
2071 2550 2140 2603 ab
2185 2550 2335 2619 equis
2380 2549 2449 2605 ed
2495 2551 2630 2605 alias
2672 2567 2880 2622 quoque

541 2633 627 2671 res
659 2617 985 2672 inanimatas
1024 2618 1353 2673 translatam
1388 2618 1646 2682 videmus,
1684 2618 1752 2671 ad
1788 2619 2060 2671 flammasz
2102 2618 2234 2671 Aen.
2270 2617 2334 2677 V,
2374 2621 2520 2682 662.;
2557 2618 2627 2673 ad
2662 2622 2877 2673 ventos:

536 2685 665 2739 Aen.
701 2685 746 2746 Ι,
786 2688 895 2743 62.;
947 2686 1015 2740 ad
1051 2702 1238 2740 naves:
1287 2687 1419 2741 Aen.
1458 2686 1551 2743 VI.
1599 2690 1640 2739 1.
1680 2685 1832 2748 VIII,
1872 2688 2013 2741 708.;
2068 2684 2135 2738 ad
2182 2684 2428 2741 flumina:
2474 2685 2627 2740 Ovid.
2664 2687 2792 2740 Met.
2832 2687 2878 2749 1,

538 2755 654 2806 280.
700 2753 813 2819 (ubi
849 2753 957 2807 vid.
994 2753 1198 2817 Bacb.).
1244 2753 1364 2808 Val.
1407 2754 1487 2808 Fl.
1527 2753 1619 2815 VI,
1658 2756 1771 2807 391.
1812 2758 1915 2806 etc.
1988 2753 2071 2806 Cf.
2119 2753 2279 2806 etiam
2324 2753 2457 2807 Aen.
2500 2753 2621 2813 XII,
2662 2757 2776 2808 299.
2813 2787 2877 2794 -

540 2838 703 2890 „per
733 2839 992 2891 purum,
1046 2839 1140 2890 per
1176 2827 1374 2876 aerem.
1416 2822 1632 2875 Luci-et.
1669 2820 1707 2874 1.
1745 2820 1781 2874 l.
1812 2839 1922 2892 per
1957 2838 2145 2881 auras,
2197 2822 2253 2873 et
2288 2837 2406 2890 sup.
2447 2837 2497 2874 v.
2540 2824 2652 2876 287.
2692 2822 2753 2874 in
2782 2840 2879 2875 va·

536 2891 805 3009 ...ff
840 2889 977 3010 ἐῖ
1007 2906 1115 3009 ⁷2⁶}
1148 2889 1547 3012 ”13⁰2ssoe
1583 2888 1719 2942 ”’
1756 2888 1947 2943 ΗΜ·
1985 2887 2051 2941 ‘¹0
2074 2887 2756 3011 ,ῖῖῖῖωῖῖῖῆεῖῖ

571 2962 625 3010 .“
837 3001 848 3011 .
979 2973 1172 3010 .1nra
1291 2999 1303 3020 ,
1452 2963 1637 3011 ,ae'ra
1712 2973 2042 3010 ervacuwn
2363 2998 2376 3010 .
2562 2973 2626 3011 c.
2745 2999 2757 3021 ,
2866 3001 2876 3011 .

537 3057 602 3065 —
644 2974 858 3086 {36wa
907 3044 980 3079 sa
1022 3041 1163 3079 nunc
1207 3040 1326 3079 cum
1364 3024 1588 3093 HeyniO,
1693 3039 1841 3092 agn„
1874 3023 2109 3078 Ameisio
2145 3022 2324 3092 Spicil.
2362 3041 2413 3093 p.
2452 3027 2535 3077 25.
2575 3027 2631 3078 et
2661 3024 2873 3080 Ladew.

536 3093 612 3155 (in
649 3091 778 3147 edit.
870 3098 1010 3149 tera)
1046 3094 1217 3146 refero
1252 3090 1322 3146 sd
1352 3094 1594 3162 primam
1628 3099 1860 3146 aetatem
1894 3098 1964 3156 (v.
2007 3093 2171 3151 362),
2221 3091 2254 3144 i.
2303 3107 2349 3146 e.
2394 3095 2607 3147 teneras
2643 3091 2874 3146 frondes.

534 3160 748 3216 Servius
783 3163 967 3215 sutem
1010 3161 1252 3228 virgulta
1299 3176 1361 3214 ex
1409 3175 1569 3214 versu
1618 3163 1736 3213 346.
1794 3159 2020 3229 repetit,
2074 3160 2130 3212 et
2173 3157 2475 3228 Conington
2532 3176 2652 3214 cum
2687 3159 2875 3214 Vossio

534 3231 716 3307 (quem
748 3228 863 3348 iss⁸⁶
898 3229 1048 3307 prius
1083 3230 1299 3282 secutus
1350 3228 1493 3307 sum)
1538 3226 1796 3296 intelligit
1841 3228 2024 3293 vitem,
2082 3240 2242 3346 {zani
2288 3224 2375 3279 hic
2428 3243 2637 3307 semper
2686 3230 2873 3306 poetes

534 3297 701 3350 menti
737 3311 767 3349 o
807 3311 1009 3350 versari
1047 3295 1237 3350 doceat
1273 3298 1463 3349 statim
1501 3310 1548 3349 v.
1588 3298 1704 3348 367.
1742 3296 2044 3365 amplexae.
2153 3291 2310 3362 ,hqua
2334 3297 2597 3363 expressit
2621 3293 2875 3359 Quinctil.

536 3363 673 3418 Inst.
712 3362 785 3425 11,
822 3369 873 3423 4,
917 3368 994 3417 10.
1038 3367 1115 3418 11.
1188 3395 1254 3403 ——
1321 3361 1449 3422 866.
1494 3363 2056 3430 inter-leyendae,
2095 3366 2235 3430 .(per
2281 3362 2527 3427 tmesin),
2591 3363 2627 3414 i.
2679 3378 2723 3416 e.
2769 3378 2873 3416 non

536 3446 719 3486 omnes
794 3430 1071 3501 putandae
1139 3434 1267 3484 sunt
1335 3429 1577 3493 frondes,
1660 3429 1752 3483 sed
1823 3446 1918 3499 per
1987 3428 2275 3483 intervalla
2347 3428 2732 3499 decerpendae,
2810 3432 2876 3482 ut

534 3497 795 3571 quaedam
872 3500 1081 3552 intacta
1158 3498 1548 3568 relinquantur.
1633 3496 1906 3551 Wunderl.
1989 3500 2045 3550 et
2123 3494 2209 3549 hic
2285 3497 2427 3550 inter
2497 3496 2877 3552 adverbialiter

533 3567 767 3637 positum
822 3570 1022 3621 censet.
1094 3566 1174 3619 Cf.
1225 3582 1389 3635 supra
1444 3565 1515 3620 ad
1570 3580 1620 3619 v.
1657 3569 1774 3618 351.
1847 3564 1928 3618 De
1974 3581 2031 3619 re
2079 3567 2257 3618 autem
2313 3564 2329 3617 i
2368 3581 2431 3618 sa
2483 3564 2552 3619 cf.
2600 3565 2708 3619 Cic.
2750 3565 2871 3619 Cat.

532 3636 658 3689 mai.
708 3638 794 3695 15,
833 3637 914 3688 52.
958 3635 1067 3688 iam
1111 3634 1181 3687 ab
1232 3633 1438 3701 Heynio
1487 3632 1633 3686 laud.
1691 3664 1758 3672 ——
1812 3632 2119 3686 excierint.
2180 3632 2236 3684 in
2350 3634 2470 3686 tum
2526 3649 2582 3687 se
2640 3633 2874 3687 sustule-

536 3703 663 3764 rint,
703 3702 1049 3757 excreverint.
1086 3701 1171 3755 cf.
1209 3718 1324 3771 sup.
1361 3717 1411 3754 v.
1449 3703 1532 3754 81.
1578 3731 1642 3740 -
1688 3701 1956 3767 etrinqe.
1993 3698 2115 3752 Vid.
2155 3699 2363 3752 adnott.
2400 3699 2472 3754 ad
2506 3699 2632 3755 Geo.
2670 3700 2715 3763 Ι,
2753 3704 2868 3755 317.

534 3802 600 3811 -—
638 3786 853 3824 comae
892 3769 1128 3829 (frondes
1164 3768 1495 3838 superiorum
1535 3783 1833 3830 ramorum,
1877 3768 1941 3821 ut
1976 3767 2104 3821 Geo.
2139 3765 2232 3828 IV,
2277 3771 2411 3825 137.)
2457 3771 2511 3821 et
2555 3769 2873 3823 bracchia

538 3839 596 3894 (i.
633 3853 679 3890 e.
717 3853 841 3906 pam
882 3837 957 3891 ini
1003 3838 1058 3890 in
1103 3836 1279 3890 latera
1324 3839 1707 3897 excrescentes)
1755 3835 1939 3889 eodem
1983 3833 2140 3887 modo
2186 3834 2582 3904 coniunguntur
2621 3836 2749 3889 Aen.
2795 3835 2868 3895 Π,

539 3909 654 3959 209.
693 3933 759 3943 -
875 3905 926 3966 9.
966 3905 1132 3957 Ante
1166 3904 1623 3969 reformidant
1656 3906 1928 3967 ferrum.
1977 3901 2057 3956 Cf.
2091 3900 2300 3957 Pallad.
2339 3903 2386 3965 I,
2424 3906 2472 3968 6,
2513 3908 2564 3957 9.
2609 3906 2872 3957 Tener-mn

534 3981 583 4027 et
619 3973 856 4026 viridem
891 3974 1051 4026 vitem
1080 3974 1243 4042 ferri
1273 3970 1396 4025 acie
1427 3987 1495 4024 ne
1525 3972 1748 4025 recidas
1756 3990 1778 4039 ;
1836 3970 2082 4038 idemque
2122 3971 2309 4023 vetant
2344 3970 2630 4042 Geoponici
2672 3970 2773 4033 111,
2818 3974 2866 4025 3.

536 4046 586 4095 4.
626 4042 683 4095 et
714 4039 780 4101 X,
819 4042 904 4093 81.
973 4070 1037 4079 -·
1094 4042 1265 4092 dura
1296 4040 1606 4109 imperia,
1667 4038 1721 4092 h.
1762 4056 1806 4093 e.
1847 4054 2055 4099 severa,
2093 4054 2127 4091 a
2159 4036 2292 4091 disci
2329 4037 2444 4092 lina
2475 4038 2698 4093 militari
2732 4038 2868 4108 peti-

539 4112 674 4162 tum.
722 4107 908 4161 Burin.
954 4106 1180 4161 conferri
1224 4107 1377 4159 iubet
1421 4106 1608 4160 Horat.
1651 4107 1829 4160 Carm.
1867 4106 1959 4168 IV,
2000 4111 2043 4165 1,
2083 4109 2131 4158 6.
2171 4109 2220 4158 7.
2269 4122 2296 4159 e
2365 4105 2547 4160 adnot.
2598 4123 2750 4161 suam
2798 4106 2867 4161 ad

538 4175 691 4231 ovid.
729 4175 850 4228 Am.
890 4174 962 4240 H,
1002 4178 1051 4238 9,
1090 4177 1172 4228 29.
1229 4173 1354 4227 Vid.
1397 4175 1560 4228 etiam
1600 4173 1725 4227 Geo.
1762 4173 1863 4233 III,
1901 4179 1984 4227 41.
2022 4175 2077 4228 et
2113 4173 2324 4227 Dissen.
2374 4173 2443 4226 sd
2480 4173 2677 4228 Tibull.
2724 4174 2768 4233 Ι,
2818 4178 2864 4235 7,

536 4248 618 4299 33.
688 4243 939 4297 Ceterum
978 4257 1097 4295 cum
1134 4241 1188 4294 in
1226 4240 1392 4296 Codd.
1428 4241 1568 4296 Med.
1606 4244 1660 4295 et
1695 4240 1869 4305 Rom„
1911 4245 1974 4295 ut
2007 4241 2170 4295 etium
2209 4240 2351 4311 apud
2391 4240 2621 4295 Nonium
2659 4261 2708 4313 p.
2746 4246 2865 4307 403,

538 4316 583 4365 3.
624 4314 741 4373 295,
780 4313 827 4364 8.
870 4311 925 4365 et
959 4313 1074 4373 303,
1114 4311 1195 4363 28.
1231 4309 1316 4363 bis
1355 4310 1616 4380 scriptum
1651 4308 1725 4363 sit
1759 4317 1901 4377 tunc,
1944 4309 2105 4363 tertio
2151 4307 2266 4361 loco
2311 4309 2493 4363 autem
2539 4317 2664 4375 tum,
2708 4308 2863 4365 Iahn.

539 4379 607 4432 sd
641 4377 755 4432 Ecl.
792 4377 895 4442 111,
936 4381 1014 4433 16.
1047 4395 1102 4447 p.
1143 4380 1256 4431 372.
1304 4377 1442 4431 hanc
1485 4393 1663 4431 veram
1707 4376 1990 4432 lectionem
2036 4378 2218 4430 censet
2264 4375 2347 4429 his
2392 4377 2566 4431 verbis
2612 4378 2862 4432 adiectis:

542 4445 667 4508 „Ita
700 4445 841 4499 enim
876 4446 1041 4498 verba
1076 4454 1201 4498 tuuc
1236 4445 1382 4511 &trin⁴
1411 4464 1438 4498 e
1474 4448 1529 4499 et
1565 4452 1690 4498 tune
1726 4447 1888 4498 tonde
1921 4444 2164 4514 opposita.
2210 4445 2338 4497 sunt
2385 4446 2561 4499 verbis
2612 4454 2737 4500 ante
2778 4463 2862 4499 re-

541 4513 1128 4631 formidontffiserrum,
1193 4515 1253 4564 ct
1289 4529 1383 4566 ver
1422 4530 1455 4566 a.
1491 4522 1599 4565 tum
1634 4512 1866 4580 denique
1898 4530 2080 4566 ecci-ce
2117 4511 2188 4563 im
2230 4512 2350 4565 cria
2391 4514 2690 4581 generalem
2744 4529 2863 4567 sen-

541 4577 770 4631 tentiam
805 4594 834 4631 e
898 4579 1072 4639 ciunt,
1117 4594 1252 4647 quae
1285 4595 1381 4647 per
1416 4579 1804 4634 conclusionem
1843 4580 2107 4650 prioribus
2216 4577 2418 4633 ditur.“
2475 4613 2538 4622 —
2592 4580 2725 4643 370.
2759 4599 2861 4634 ra·
