3616 5026
1447 225 1975 297 GEORGICON
2001 228 2170 296 LIB.
2211 228 2325 296 ΠΙ.
2937 234 3057 297 453

741 394 886 460 Non
927 394 1116 482 lupus
1159 393 1430 461 insidias
1470 394 1770 482 explorat
1808 396 2009 463 ovilia
2052 397 2292 462 circum

738 477 800 542 N
802 500 875 544 ec
915 476 1223 564 gregibus
1264 488 1617 546 nocturnus
1660 477 2062 547 obambulat:
2107 483 2318 547 acrior
2358 479 2539 546 illum

741 560 916 627 Cura
956 560 1206 644 domat3
1249 562 1457 628 timidi
1500 561 1796 628 dammae
1834 566 2136 652 cervique
2176 565 2440 650 fugaces

737 643 799 708 N
801 666 925 708 une
966 645 1258 743 interque
1301 667 1492 711 canes
1537 655 1600 711 et
1642 646 1887 711 circum
1927 657 2098 712 tecta
2138 657 2475 732 vagantur.
2965 657 3063 708 540

737 727 876 792 Iam
920 729 1119 792 maris
1161 730 1433 794 inmensi
1476 729 1724 815 prolem
1766 740 1832 794 et
1872 751 2074 814 genus
2118 753 2304 796 omne
2346 740 2681 797 natantum

733 809 956 875 Litore
997 812 1064 875 in
1107 821 1394 877 extremo
1434 834 1551 879 eeu
1589 814 1908 896 naufraga
1949 834 2224 899 corpora
2262 814 2493 880 fluctus

732 892 1011 962 Proluit:
1051 894 1349 960 insolitae
1390 896 1647 982 fugiunt
1685 898 1754 961 iu
1796 895 2065 961 flumina
2107 896 2371 981 phocae.

731 975 960 1042 Interit
1002 987 1065 1042 et
1106 979 1321 1042 curvis
1363 979 1607 1045 frustra
1646 979 1913 1046 defensa
1952 977 2221 1044 latebris

726 1261 829 1314 etc.
864 1276 898 1314 a
934 1258 1007 1314 ud
1045 1259 1351 1317 Lucretium
1388 1263 1458 1326 (I,
1506 1267 1619 1318 335.
1655 1263 1747 1327 IV,
1785 1268 1897 1319 809.
1946 1267 2061 1317 965.
2108 1268 2220 1317 990.
2271 1264 2397 1320 etc.)
2441 1262 2576 1316 alios
2614 1278 2678 1318 ue
2733 1264 2875 1318 haud
2920 1281 3056 1319 raro.

751 1359 794 1367 -
826 1326 902 1388 53
944 1369 956 1382 .
990 1327 1166 1384 Etiam
1203 1332 1346 1384 feras
1375 1330 1493 1386 lues
1518 1334 1713 1386 tentat.
1783 1332 1866 1385 Cf.
1892 1331 2044 1385 Lucr.
2082 1330 2174 1392 VI,
2213 1334 2310 1384 219
2346 1346 2464 1398 sqq.
2506 1332 2562 1383 et
2629 1331 2733 1385 vid.
2770 1332 2897 1386 Met.
2934 1332 3054 1396 VII,

727 1399 824 1449 545
863 1412 981 1465 sqq.
1018 1427 1082 1436 —
1116 1398 1415 1452 insidias
1452 1400 1760 1470 explorat
1796 1399 2016 1453 ovilia
2041 1401 2309 1454 circum.
2358 1397 2562 1459 locum,
2612 1399 2936 1454 occasionem
2974 1400 3051 1454 in·

726 1462 979 1517 sidiarum
1025 1464 1168 1520 circa
1210 1466 1383 1521 ovilia.
1454 1468 1535 1522 Cf.
1582 1469 1709 1521 Aen.
1756 1466 1860 1525 IX.
1913 1472 1976 1521 59
2023 1484 2101 1537 sq.
2152 1467 2523 1526 Ineidians,
2573 1464 2712 1534 quod
2757 1464 2958 1534 legitur
3000 1468 3055 1522 in

725 1529 874 1586 Rom.
911 1534 965 1585 et
1001 1530 1159 1594 Gud..
1186 1533 1395 1589 Nobbio
1432 1535 1488 1588 in
1523 1536 1800 1603 syntagm.
1835 1534 1966 1590 locc.
2005 1534 2192 1604 parall.
2230 1552 2281 1604 p.
2323 1538 2433 1587 105.
2465 1534 2581 1588 iure
2604 1533 2871 1597 glossema
2903 1535 3049 1589 vide·

725 1601 833 1663 tur,
871 1597 1010 1668 quod
1045 1617 1105 1655 ex
1130 1603 1262 1656 Aen.
1302 1603 1340 1656 l.
1381 1602 1418 1655 1.
1447 1604 1658 1658 fluxisse
1694 1603 1993 1672 suspiceris.
2056 1635 2097 1643 -
2130 1609 2504 1658 nocturnus.
2544 1604 2734 1658 noctu:
2780 1601 3054 1656 Adiectivo

721 1665 835 1720 loco
881 1665 1133 1721 Adverbii
1175 1670 1431 1740 temporis
1513 1672 1647 1725 osito
1692 1675 1749 1725 et
1793 1670 1862 1725 ad
1904 1670 2313 1725 Substantivum
2356 1669 2555 1731 relate,
2610 1670 2673 1721 ut
2728 1683 2899 1737 saepe.
2968 1670 3054 1724 cf.

722 1733 853 1788 Aen.
897 1733 997 1797 IV,
1043 1739 1163 1789 303.
1212 1738 1287 1790 ibi
1325 1753 1390 1791 ue
1550 1742 1647 1792 ott.
1689 1769 1756 1778 —
1799 1739 2175 1792 obambulat
2212 1739 2543 1805 ῃνορίὂτιε,
2596 1739 2661 1789 ut
2710 1737 3056 1791 obambulare

720 1802 890 1854 muri-3
926 1800 1041 1854 Liv.
1080 1803 1276 1858 XXXV
1318 1847 1331 1866 ,
1370 1808 1454 1858 34.
1492 1810 1549 1859 et
1584 1805 1896 1874 obequitare
1930 1807 2142 1873 castris,
2179 1806 2374 1873 portis,
2412 1804 2527 1858 Liv.
2564 1803 2637 1862 Π.
2675 1807 2756 1856 45.
2792 1802 2936 1865 XXI,
2972 1809 3054 1860 54.

721 1871 824 1923 etc.
870 1868 1059 1924 Altera
1106 1873 1433 1927 constructio
1490 1889 1612 1927 cum
1665 1877 1856 1942 quarto
1898 1873 2039 1926 Casu
2076 1873 2249 1942 poetis
2293 1872 2449 1927 modo
2493 1872 2882 1940 frequentatur.
2929 1870 3052 1925 Vid.

721 1935 968 1991 Doederl.
1012 1937 1136 2007 Syn.
1181 1939 1280 1994 m.
1328 1958 1381 2010 p.
1427 1944 1508 1994 50.
1577 1941 1657 1995 De
1697 1940 1826 2009 lupo
1868 1943 2047 1995 autem
2089 1942 2345 2010 gregibus
2389 1939 2769 1993 obambulante
2814 1939 2883 1991 cf.
2924 1939 3055 1994 Aen.

716 2003 812 2065 IX,
849 2008 913 2058 59
949 2022 1064 2075 sqq.
1136 2006 1362 2062 Videtur
1395 2008 1537 2062 hunc
1569 2008 1743 2063 locum
1788 2010 2081 2077 respexisse
2118 2009 2245 2062 Hor.
2280 2008 2448 2077 Epod.
2486 2007 2629 2068 XVI,
2665 2011 2744 2061 51.
2809 2007 2929 2058 Nec
2969 2023 3056 2060 ve-

716 2072 992 2142 spertinam
1038 2074 1404 2142 cei-munyemit
1445 2095 1606 2130 ursus
1658 2076 1818 2130 ovile.
1878 2107 1941 2116 -
1985 2078 2226 2130 aerior
2277 2073 2614 2143 (mordacior)
2672 2092 2825 2128 cura
2886 2073 3057 2140 (dolor

720 2140 911 2206 morbi)
947 2139 1143 2195 illum
1176 2145 1414 2209 domat,
1450 2160 1575 2198 nam
1609 2145 1626 2197 i
1666 2161 1722 2198 se
1755 2160 1861 2198 non
1885 2143 2082 2204 minus,
2119 2160 2277 2213 quam
2300 2143 2567 2212 reliquum
2602 2143 2832 2196 ferarum
2869 2159 3053 2209 genuS,

721 2208 905 2288 morbo
940 2208 1215 2288 pestilenti
1251 2213 1527 2280 correptus
1564 2161 1664 2266 esi).
1715 2211 1919 2265 Curam
1952 2212 2134 2264 morbi
2210 2228 2266 2264 ro
2303 2227 2432 2264 cura
2476 2213 2529 2262 et
2564 2211 2831 2264 anxietate
2868 2211 3051 2263 morbo

720 2277 919 2329 iniecta
951 2278 1248 2331 invenimus
1294 2279 1457 2332 etiam
1499 2295 1583 2349 ap.
1620 2279 1886 2333 Iustinum
1925 2278 2134 2335 XXIII.
2218 2319 2230 2332 .
2281 2281 2333 2333 6.
2370 2295 2403 2331 a
2435 2277 2648 2331 Ladew.
2685 2277 2871 2342 Pron-r.
2907 2276 3054 2332 laud.

760 2383 772 2397 .
795 2346 878 2397 20.
899 2342 1146 2399 allatum.
1183 2377 1249 2386 -—-
1282 2345 1411 2407 539.
1453 2347 1678 2400 timidi
1707 2348 2010 2400 dammae.
2046 2347 2314 2398 Dammae
2347 2362 2409 2399 ex
2427 2345 2639 2406 vulgari
2660 2345 2902 2414 opinione
2928 2347 3055 2399 sunt

715 2359 1153 2480 &ammian-sebe,
1194 2414 1377 2479 daim',
1412 2415 1601 2478 daim,
1642 2415 1930 2468 secundum
1960 2414 2207 2468 Vossium
2246 2416 2301 2467 et
2335 2412 2562 2467 Forcell.
2597 2415 2777 2467 autem
2811 2411 3056 2479 Gemma,

724 2479 976 2542 camon-i,
1014 2481 1268 2536 chamois.
1340 2480 1443 2536 Sed
1470 2482 1678 2537 Weber.
1717 2482 1784 2537 ad
1820 2483 2001 2538 Iuven.
2076 2524 2087 2536 .
2124 2485 2241 2538 536.
2278 2489 2419 2547 (cum
2459 2496 2562 2550 quo
2589 2481 2853 2535 consentit
2888 2479 3052 2536 Orell.

716 2545 786 2601 ad
820 2547 948 2601 Hor.
987 2548 1085 2603 Od.
1119 2550 1164 2610 I,
1201 2555 1250 2613 2,
1291 2554 1393 2607 12.)
1429 2551 1616 2605 docere
1649 2551 1835 2605 studet
1869 2567 1983 2605 esse
2020 2499 2383 2609 Σνθόλωπας,
2419 2550 2580 2602 Antil
2656 2567 2736 2609 eu,
2775 2548 3055 2604 Gazellen.

722 2614 803 2668 De
837 2631 1029 2684 genere
1062 2618 1205 2670 vocis
1240 2621 1297 2671 et
1335 2617 1401 2672 de
1438 2618 1762 2687 geminanda
1794 2619 1954 2672 litera
1985 2638 2036 2670 m
2077 2618 2147 2670 cf.
2182 2617 2388 2671 adnott.
2428 2616 2498 2670 ad
2532 2616 2605 2669 Ec
2631 2656 2644 2669 .
2684 2616 2832 2679 VIII,
2870 2620 2949 2671 28.
2985 2649 3054 2658 —

717 2676 848 2742 541.
900 2683 1280 2745 „Aristotelem
1315 2686 1459 2740 Hist.
1496 2686 1597 2740 An.
1633 2685 1781 2745 Vm,
1826 2690 1912 2748 19,
1962 2689 2043 2740 20.
2080 2686 2324 2764 [quocum
2361 2685 2627 2738 consentit
2661 2683 2799 2737 Plin.
2837 2682 2930 2743 IX,
2967 2688 3051 2745 49,

717 2750 1064 2871 mgegoegare'
1093 2752 1266 2820 pisces
1299 2753 1412 2808 ullo
1434 2753 1710 2823 pestilenti
1732 2754 1915 2807 morbo
1938 2756 2153 2811 tentari.
2191 2754 2296 2807 iam
2326 2752 2499 2806 Cerda
2527 2752 2759 2807 notavit:
2796 2753 2851 2804 et
2884 2750 3053 2805 videri

719 2833 789 2886 po
875 2820 902 2870 t
947 2817 1277 2874 castissimus
1319 2824 1480 2890 poeta
1532 2822 1711 2890 potius
1754 2821 1965 2889 ingenio
2019 2819 2330 2881 indulsisse,
2385 2836 2545 2889 quam
2600 2835 2773 2873 rerum
2815 2818 3050 2880 veritati,

720 2888 864 2939 certe
904 2885 961 2937 in
998 2885 1135 2951 iuis,
1182 2904 1316 2956 quae
1363 2889 1429 2943 de
1475 2891 1782 2958 serpentum
1826 2905 1873 2941 v.
1919 2892 2035 2942 544.
2072 2893 2186 2942 545.
2223 2890 2405 2955 strage
2436 2890 2721 2942 memorat.
2775 2901 2909 2954 quae
2946 2902 3053 2955 qua

719 2951 849 3016 fide,
900 2968 1006 3021 qua
1039 2956 1360 3010 auctoritate
1407 2957 1669 3025 posuerit,
1719 2958 1920 3021 ignoro.
1990 2956 2211 3009 Infectis
2244 2960 2425 3009 tamen
2461 2955 2614 3023 aquis
2657 2954 2828 3023 pisces
2870 2956 3052 3007 conta-

718 3020 884 3089 giosis
919 3022 1118 3075 morbis
1151 3024 1326 3078 vexari
1348 3064 1361 3087 ,
1408 3041 1493 3078 res
1538 3028 1624 3077 est
1666 3024 1807 3077 inter
1845 3023 2097 3077 historiae
2144 3022 2408 3076 naturalis
2450 3026 2703 3075 auctores·
2734 3036 2873 3074 nunc
2918 3021 3052 3075 satis

721 3087 1054 3157 explorata.⁴‘
1119 3089 1296 3159 Heyn.
1351 3121 1417 3130 ——
1465 3092 1588 3144 Iam
1635 3092 1688 3144 in
1744 3090 2117 3161 progrediente
2162 3106 2337 3144 rerum
2388 3089 2690 3143 narratione
2749 3087 3051 3142 transitioni

722 3156 913 3217 servit,
950 3159 1013 3208 ut
1048 3155 1238 3223 Wagn.
1278 3157 1433 3212 docet
1476 3158 1575 3223 Qu.
1613 3158 1763 3227 Virg.
1797 3158 1996 3221 XXIV,
2044 3164 2092 3213 9.
2126 3158 2210 3210 his
2245 3157 2494 3225 exemplis
2529 3156 2757 3210 collatis:
2812 3155 2938 3209 Geo.
2976 3156 3050 3220 Π,

718 3227 800 3277 57.
837 3224 967 3277 Aen.
1003 3222 1098 3287 XI,
1141 3229 1255 3279 100.
1291 3228 1408 3280 213.
1445 3226 1569 3287 XH,
1611 3230 1725 3280 704.
1762 3232 1863 3280 etc.
1899 3258 1965 3266 —
1999 3233 2064 3279 et
2095 3243 2289 3293 yenus
2323 3243 2502 3278 oncne
2534 3231 2896 3287 natantum,
2932 3223 2965 3277 i.
3003 3239 3049 3278 e.

754 3291 970 3353 iscium,
1016 3307 1148 3361 quos
1189 3292 1275 3346 his
1315 3293 1495 3347 verbis
1535 3293 1796 3361 distingui
1843 3311 1877 3347 a
1912 3299 2089 3348 cetera
2128 3294 2299 3346 maris
2339 3292 2572 3345 inmensi
2608 3291 2770 3361 prole
2813 3306 2916 3342 non
2955 3306 3051 3343 na-

718 3308 870 3413 {ante
916 3359 970 3411 in
1006 3376 1156 3426 prom
1192 3363 1256 3414 tu
1300 3364 1406 3423 est;
1457 3361 1899 3431 quemadmodum
1936 3361 1989 3414 in
2028 3362 2219 3424 fram.
2261 3376 2423 3414 carm.
2461 3359 2684 3413 halieut.
2722 3360 2774 3411 in
2802 3356 3048 3411 Wernsd.

717 3426 868 3480 Poet.
906 3426 964 3479 L.
991 3426 1120 3480 min.
1189 3469 1202 3491 ,
1244 3432 1356 3487 1¹19.
1392 3431 1471 3482 26.
1514 3430 1666 3482 Dum
1689 3430 1933 3498 populos
1956 3428 2147 3499 pelayi
2171 3429 2413 3481 canimus
2434 3435 2740 3495 {tentataque
2763 3433 3051 3479 natantem.

721 3493 1011 3549 Praeterea
1047 3494 1115 3549 cf.
1151 3495 1348 3550 Auson.
1387 3496 1522 3550 Mos,
1562 3500 1676 3551 141.
1713 3498 1940 3550 caerula
1973 3499 2131 3548 turba
2163 3503 2444 3548 ammaum
2478 3501 2534 3549 et
2570 3498 2685 3548 250.
2716 3510 2860 3561 vaqa
2893 3494 3055 3547 turba

719 3569 1014 3627 manaem,
1055 3562 1183 3617 item
1221 3579 1258 3617 u
1329 3563 1489 3619 Lucr.
1527 3564 1601 3625 Π,
1650 3568 1765 3619 342.
1799 3572 2044 3618 natanta
2075 3565 2471 3632 squammarum
2502 3564 2750 3633 pecwine.
2818 3561 3050 3625 Coning-

717 3635 813 3683 ton
854 3628 1062 3683 confert
1104 3580 1260 3699 Sopii.
1305 3632 1374 3684 fr.
1419 3636 1537 3686 856.
1574 3633 1821 3697 (Nauck.)
1868 3630 2089 3701 ἰχθύων
2128 3635 2330 3700 πλωτῷ
2374 3634 2541 3699 γένει..
2608 3628 2806 3683 Eadem
2848 3629 3052 3683 ratione

719 3696 843 3751 Gen.
880 3695 973 3755 IV.
1016 3699 1090 3751 16.
1129 3699 1259 3751 Aen.
1297 3699 1392 3765 VI,
1429 3703 1547 3754 239.
1589 3704 1700 3754 Ἰ28.
1743 3704 1798 3754 et
1837 3716 1920 3769 ap.
1960 3699 2110 3752 Lucr.
2151 3699 2233 3760 ΙΙ,
2276 3701 2419 3753 1083.
2457 3697 2700 3751 volantes
2773 3714 2797 3748 r
2863 3697 3053 3767 apibus

721 3769 778 3818 et
813 3764 1019 3832 avibus,
1055 3763 1182 3819 Geo.
1218 3767 1269 3831 1,
1317 3770 1430 3821 272.
1468 3768 1713 3822 balaum
1745 3784 1842 3836 pro
1878 3766 2082 3828 ovibuS,
2120 3772 2176 3821 et
2211 3767 2352 3836 apud
2390 3766 2540 3819 Ovid.
2576 3765 2705 3818 Met.
2733 3715 2896 3823 grul.
2933 3769 3050 3819 411.

723 3834 779 3885 et
814 3834 927 3884 344.
964 3831 1227 3889 latrantes
1268 3852 1361 3904 pro
1402 3836 1623 3890 canibus
1668 3838 1987 3905 usurpatum
2031 3834 2286 3889 videmus.
2358 3833 2480 3888 vid.
2523 3834 2684 3887 etiam
2726 3831 2936 3885 adnott.
2983 3833 3052 3887 ad

721 3898 848 3953 Ge0.
881 3898 923 3959 Ι,
961 3901 1075 3953 393.
1123 3904 1180 3954 et
1211 3918 1373 3971 supra
1407 3903 1474 3957 ad
1506 3919 1557 3958 v,
1599 3907 1709 3959 147.
1746 3935 1811 3944 —-
1845 3900 1977 3964 542.
2028 3902 2155 3956 Ceu
2196 3904 2537 3970 nansi-aya
2582 3919 2886 3969 camora..
2933 3901 3050 3955 scil.

721 3966 1013 4020 hominum.
1085 3967 1167 4023 Cf.
1201 3971 1330 4024 Aen.
1369 3971 1419 4033 Ι,
1475 3975 1557 4024 70.
1602 3975 1657 4025 et
1694 3972 1902 4026 adnott.
1938 3970 2007 4024 acl
2042 3972 2168 4024 Aen.
2209 3970 2261 4027 1.
2312 3974 2424 4024 193.
2464 4001 2525 4009 -
2572 3970 2799 4021 Litore
2846 3968 2914 4020 in
2956 3986 3053 4022 ex-

722 4042 931 4087 tremo
978 4035 1236 4098 fluctus
1279 4037 1567 4091 Proluit.
1639 4039 1719 4092 Cf.
1768 4038 1882 4093 Ecl.
1931 4038 1982 4101 l,
2035 4044 2115 4091 60.
2164 4038 2242 4090 Et
2276 4041 2424 4101 freta
2463 4035 2749 4090 ‹le-stimant,
2782 4039 2961 4089 nudos
2998 4037 3057 4088 in

725 4102 888 4156 litore
915 4102 1110 4172 pisces.
1147 4135 1212 4143 —
1248 4104 1377 4166 543.
1413 4106 1677 4175 Wagnero
1713 4106 1795 4160 dis
1832 4106 1961 4160 licet
2001 4106 2286 4174 proluit,
2368 4105 2423 4159 ni
2466 4104 2646 4174 potius
2690 4104 2919 4173 proiicit
2958 4105 3055 4157 aut

725 4168 900 4249 simile
924 4169 1083 4250 quid·
1207 4176 1377 4229 ectat:
1414 4174 1508 4227 sed
1547 4173 1617 4227 cf.
1654 4124 1848 4229 Geoll.
2287 4122 2408 4237 XII,
2855 4239 2867 4250 ο
2932 4239 2943 4251 .

707 4240 1018 4308 sumant,
1069 4237 1124 4291 1d
1276 4256 1331 4294 re
1367 4257 1473 4294 non
1515 4241 1720 4295 solitae.
1791 4242 1899 4295 Cic.
1948 4241 2099 4294 Verr.
2142 4241 2254 4297 111,
2304 4244 2384 4294 37.
2458 4239 2568 4293 C‘m·
2604 4241 3057 4310 pruinam-unae

707 4305 958 4374 seranna-2
990 4305 1051 4358 in
1080 4313 1284 4360 tantum
1317 4308 1563 4362 virorum
1596 4317 1911 4363 conventum
1946 4307 2197 4363 insolitas
2229 4308 2533 4377 invitasqvae
2568 4308 2804 4377 prodire
2845 4306 3054 4375 coyis.“

719 4372 810 4427 Ita
848 4372 1043 4427 Wund.
1106 4375 1304 4428 rectius
1337 4391 1496 4444 quam
1528 4377 1729 4433 Hem..
1773 4378 1866 4446 qui
1912 4376 2166 4430 imolitae
2206 4375 2435 4445 explicat
2467 4374 2681 4429 insolito
2718 4390 2875 4428 more.
2945 4373 3050 4437 (Cf.

724 4439 864 4494 idem
902 4414 1177 4496 Wumierl.
1214 4443 1268 4496 in
1300 4443 1479 4497 Praef.
1515 4461 1567 4513 p.
1603 4434 1748 4499 XVI.
1783 4448 1885 4513 sq)
1946 4446 2143 4498 Sensus
2174 4444 2342 4513 igitur
2378 4446 2487 4497 est:
2536 4443 2751 4511 phocae.
2786 4441 2921 4521 mari
2958 4442 3053 4521 aq-

725 4510 935 4569 suetae,
980 4508 1197 4573 fugiunt
1234 4511 1289 4565 in
1334 4511 1558 4566 fiumina
1599 4514 1700 4567 sibi
1747 4513 1921 4567 adhuc
1966 4513 2169 4581 ignota.
2209 4544 2267 4551 -
2319 4512 2596 4582 phocae,
2641 4510 2798 4563 vituli
2844 4526 3051 4573 marim,

727 4574 958 4637 (Phocae
995 4576 1252 4634 vitulinae
1285 4580 1471 4635 Lina..
1509 4582 1661 4635 nobis
1690 4580 1917 4635 Robben
1942 4584 2199 4635 vocataei.
2233 4579 2314 4634 Cf.
2352 4579 2493 4633 infra
2526 4577 2654 4632 Geo.
2680 4577 2774 4641 IV,
2795 4581 2914 4631 395.
2939 4580 3056 4632 432.

733 4642 889 4699 ovid.
932 4643 1062 4700 Met.
1098 4645 1143 4711 Ι,
1182 4652 1296 4704 300.
1333 4647 1407 4713 Π,
1444 4651 1561 4704 267.
1597 4648 1734 4705 Plin.
1769 4649 1879 4713 IX,
1922 4652 1970 4711 7,
2010 4653 2058 4704 6.
2093 4652 2148 4703 et
2181 4651 2265 4711 13,
2309 4650 2390 4700 15.
2426 4677 2493 4687 —
2531 4644 2661 4705 544.
2700 4646 2923 4700 curvis
2963 4646 3055 4699 la-

1884 4177 1999 4227 451.
2043 4177 2099 4227 et
2122 4175 2252 4227 Aen.
2445 4176 2561 4225 686.
2599 4202 2665 4212 —
2701 4172 3053 4237 ‚J'nsolv’tac
