3616 5026
570 185 691 246 414
1286 177 1360 243 Ρ.
1404 176 1777 245 VERGILI
1819 177 2217 247 MARONIS

568 344 717 409 Heu
758 344 927 410 male
966 352 1103 407 tum
1141 340 1400 429 Libyae
1441 342 1599 409 solis
1639 353 1896 410 erratur
1938 346 2008 411 in
2046 346 2241 431 agris.

567 427 794 494 Nonne
835 426 1041 508 vides,
1086 436 1156 491 ut
1195 438 1333 491 tota
1378 436 1624 493 tremor
1668 438 2058 527 pertemptet
2100 451 2403 515 equorum
2800 444 2901 493 250

569 510 882 599 Corpora,
926 512 982 575 si
1023 518 1273 574 tantum
1316 519 1503 575 notas
1545 510 1709 577 odor
1751 510 1967 578 attuht
2008 535 2201 578 auras
2216 512 2250 576 Ῥ

565 594 667 659 Ac
704 617 912 683 neque
957 615 1066 658 eos
1109 594 1241 658 iam
1283 593 1471 658 frena
1511 598 1727 660 virum
1767 616 1977 681 neque
2017 595 2296 661 verbera
2337 618 2557 679 saeva,

567 678 714 744 Non
758 676 1007 765 scopuli
1048 698 1373 763 rupesque
1418 699 1621 744 cavae
1665 690 1861 767 atque
1904 678 2159 745 obiecta
2198 680 2534 745 retardant

566 761 870 827 Flumina
911 773 1375 848 correptosque
1419 761 1595 827 unda
1632 764 2004 851 torquentia
2045 765 2298 829 montis.

567 1045 667 1083 nus
702 1029 982 1084 haeremus
1003 1030 1056 1082 in
1086 1030 1317 1100 repetita
1340 1030 1610 1085 sententia
1629 1046 1714 1084 vv.
1740 1034 1856 1086 253.
1884 1036 1965 1085 54.
1991 1034 2047 1087 et
2067 1036 2184 1087 269.
2212 1037 2313 1096 7οη
2342 1033 2542 1096 tamen,
2567 1048 2634 1086 ne
2653 1032 2904 1104 vulg-ares

567 1113 813 1151 versuum
852 1098 1059 1152 numeri
1095 1098 1254 1152 nimis
1283 1099 1653 1161 turbarentur,
1689 1096 1814 1153 illos
1836 1101 1979 1155 viros
2004 1100 2147 1155 doct.
2170 1102 2226 1155 in
2250 1116 2307 1155 re
2332 1099 2507 1154 adhuc
2526 1099 2679 1155 valde
2699 1101 2906 1156 incerta

566 1183 593 1219 s
660 1166 716 1219 ui
739 1165 1124 1220 dubitavimus.
1177 1166 1356 1220 Etiam
1385 1166 1550 1221 ceteri
1570 1166 1890 1223 recentiores
1910 1168 2141 1223 editores
2158 1185 2340 1223 omnes
2358 1168 2635 1238 vulgarem
2654 1185 2904 1224 versuum

565 1249 595 1286 ο
666 1233 676 1245 ’
718 1249 801 1288 em
836 1236 1136 1288 servarunt.
1175 1265 1241 1273 —
1271 1232 1400 1295 249.
1438 1233 1560 1299 ,,01’.
1595 1234 1824 1290 Calaber
1850 1235 2083 1307 Paralip.
2120 1237 2184 1300 V,
2213 1241 2330 1292 373.
2357 1240 2474 1291 377.
2501 1239 2616 1291 378.
2653 1236 2904 1291 Formam

566 1302 819 1355 orationis
853 1303 962 1355 iam
998 1318 1063 1355 su
1100 1318 1166 1356 ra
1196 1300 1429 1356 vidimus
1451 1301 1496 1364 I,
1522 1305 1640 1357 448.
1677 1303 1833 1357 Heu!
1866 1305 2400 1359 maletummitesde
2433 1305 2587 1359 eradit
2603 1307 2902 1376 pampimoe

562 1373 751 1424 uvasf‘
770 1370 946 1439 Heyn.
968 1401 1037 1410 —
1180 1410 1192 1423 .
1207 1377 1614 1441 pertemptet.
1642 1370 1834 1425 Moret.
1860 1388 1962 1426 seo.
1989 1375 2046 1426 et
2063 1373 2167 1427 duo
2184 1373 2384 1426 Rotten
2426 1416 2438 1427 .
2450 1381 2740 1442 pertentat,
2760 1371 2901 1442 qnod

563 1441 688 1506 post
719 1439 875 1492 vides
906 1446 968 1490 ut
1009 1438 1140 1494 ferri
1180 1455 1336 1506 posse
1379 1438 1710 1492 contendunt
1743 1438 1927 1494 Burm.
1981 1443 2036 1495 et
2069 1440 2259 1509 Heyn„
2299 1440 2455 1494 Voss.
2492 1443 2671 1494 autem
2709 1445 2767 1495 et
2800 1440 2900 1494 Co-

564 1506 1664 1629 }'vissffssnvffifffiun‘sfssssgffm‘iffinffiff
1683 1505 2104 1640 Wsoeffiss‘
2140 1506 2610 1630 ffussfflfvmsses
2630 1507 2901 1629 &⁸³2⁶

564 1614 2622 1777 sets.frisimvvi3321'22022110‘'³32¹‘0'35fl13321‘2s23ms2f20242‘32531
2649 1594 2903 1765 Ψέῑ·

564 1785 765 1831 tremor
789 1751 1144 1849 pertemptat)
1173 1751 1247 1832 ’et
1296 1778 1360 1841 V,
1403 1781 1515 1831 191.
1556 1749 1675 1832 4⁹26.
1713 1751 1934 1848 sumpta
1966 1779 2193 1834 videtur.
2264 1754 2341 1834 1')e
2379 1779 2523 1832 vocis
2557 1752 2736 1832 autem
2771 1753 2905 1833 scri-’-

566 1844 771 1900 bendae
807 1846 1014 1900 ratione
1048 1845 1154 1900 vid.
1191 1845 1403 1899 adnott.
1439 1844 1510 1899 ad
1546 1844 1658 1900 Ecl.
1693 1846 1738 1909 I,
1776 1850 1858 1900 49.
1900 1879 1963 1886 --
1997 1845 2122 1908 251.
2159 1847 2269 1915 „si
2302 1855 2498 1902 notae
2536 1848 2701 1900 odor
2733 1855 2905 1900 attu-

565 1913 650 1968 lit
685 1931 914 1980 auras,
966 1913 1305 1984 exquisitiore
1354 1913 1561 1967 ratione
1611 1912 1841 1978 dictum,
1893 1930 2057 1985 quam
2092 1917 2236 1969 odor
2269 1916 2476 1969 allatus
2508 1922 2608 1980 eet,
2649 1914 2702 1967 si
2734 1932 2909 1968 morae

566 1983 790 2035 odorem
824 1981 1057 2035 audere
1075 2003 1088 2015 ·
1126 1981 1281 2035 modo
1316 1983 1520 2046 teneas,
1558 1983 1782 2035 odorem
1818 1982 1895 2035 sic
1931 1999 2047 2038 esse
2081 2000 2211 2046 rem,
2249 1999 2385 2052 quae
2420 1998 2635 2036 sensum
2674 1981 2905 2036 olfactus

560 2049 787 2112 excitet,
829 2023 1124 2104 emittendo
1158 2048 1489 2119 corpuscula,
1528 2050 1723 2119 quibus
1756 2065 1921 2104 aurae
1957 2051 2350 2120 ingravescunt.
2419 2049 2680 2104 Convenit
2716 2049 2903 2104 Horat.

570 2116 671 2171 od.
710 2116 782 2177 Π,
824 2121 870 2171 8.
907 2121 1042 2172 extr.
1077 2127 1172 2171 tua
1204 2135 1272 2170 ne
1301 2118 1546 2172 retardet
1574 2134 1718 2171 aura
1750 2119 2039 2172 marito-ef·
2095 2119 2271 2188 Heyn.
2343 2118 2583 2172 Odorem
2620 2117 2791 2187 igitur
2824 2118 2906 2171 in-

668 2185 678 2196 '
825 2185 895 2238 ab
939 2201 1078 2255 equa
1121 2185 1401 2248 emissum,
1451 2201 1556 2255 quo
1597 2188 1818 2255 captato
1866 2202 2033 2256 equus
2075 2203 2193 2241 mas
2233 2187 2288 2240 in
2331 2202 2579 2240 venerem
2622 2186 2745 2240 ruit.
2817 2185 2901 2239 cf.

566 2251 670 2306 Ore
719 2293 732 2305 .
768 2252 837 2306 ad
863 2252 992 2306 Hor.
1035 2254 1071 2308 1.
1108 2252 1170 2314 1.‚
1207 2253 1298 2323 qui
1335 2257 1479 2308 recte
1517 2253 1689 2317 docet,
1727 2253 1862 2308 talia
1897 2270 2005 2308 non
2038 2255 2106 2308 ad
2140 2259 2384 2309 nostrum
2418 2269 2633 2308 sensum
2673 2269 2787 2308 esse
2823 2253 2904 2307 di-

565 2319 869 2384 iudicanda,
906 2321 976 2374 ab
1011 2320 1315 2376 huiusmodi
1352 2322 1494 2375 enim
1529 2321 1857 2390 imaginibus
1893 2339 1955 2377 ex
1989 2322 2109 2392 ipsa
2141 2339 2317 2377 rerum
2350 2324 2547 2376 natura
2583 2322 2768 2391 petitis
2805 2321 2904 2374 mi-

566 2404 667 2442 nus
703 2387 1015 2444 abhoruisse
1050 2388 1278 2443 Graecos
1315 2394 1372 2443 et
1405 2389 1687 2443 Romanos.
1723 2421 1790 2429 —
1826 2387 1956 2450 252.
2003 2391 2101 2444 Ac
2133 2407 2330 2459 neque
2365 2391 2495 2443 iam
2593 2407 2693 2442 ena
2727 2390 2906 2442 vinam

568 2486 590 2497 -
617 2486 637 2496 ·
660 2458 975 2523 retardant,
1012 2473 1149 2526 quae
1183 2460 1347 2511 antea
1380 2457 1516 2510 satis
1553 2456 1735 2511 valida
1769 2458 1986 2511 fuerant
2021 2457 2089 2512 ad
2124 2475 2213 2512 eos
2254 2457 2507 2512 retardan
2548 2473 2623 2517 os,
2661 2463 2903 2510 coercen-

567 2525 678 2580 dos.
749 2528 876 2593 „Ac
907 2527 944 2578 i.
982 2543 1028 2580 e.
1108 2526 1214 2579 uod
1247 2526 1343 2580 ubi
1375 2526 1465 2589 flt;
1513 2525 1796 2595 copulatur
1824 2543 1929 2606 per
1971 2525 2110 2580 hanc
2141 2525 2475 2580 Particulam
2524 2529 2746 2580 eventus
2781 2540 2904 2579 eum

567 2609 729 2648 causa
769 2594 874 2657 ita,
919 2595 986 2646 ut
1034 2594 1045 2605 ’
1095 2610 1122 2649 e
1165 2592 1304 2647 hanc
1350 2593 1539 2647 statim
1583 2594 1838 2663 subseqm
1882 2594 2230 2664 significetur.
2302 2593 2426 2647 Vid.
2462 2595 2593 2648 Aen.
2640 2594 2711 2655 V,
2748 2598 2904 2647 5042*

581 2662 770 2729 Wayn.
807 2693 854 2701 -
908 2660 989 2715 De
1023 2677 1136 2715 voc.
1172 2663 1285 2715 iam
1320 2660 1611 2715 Particulis
1633 2661 1867 2732 negandi
1889 2662 2090 2727 iuncta,
2129 2667 2195 2716 ut
2220 2661 2541 2731 respondeat
2561 2664 2743 2715 nostro
2766 2662 2905 2730 jetzt

562 2730 712 2783 nieht
744 2729 918 2797 mehr,
993 2729 1124 2795 uod,
1163 2731 1254 2799 qui
1302 2745 1443 2783 nunc
1476 2729 1670 2783 Latine
1704 2731 1966 2792 scribunt,
2003 2731 2178 2784 minus
2218 2738 2361 2784 recte
2396 2745 2490 2799 per
2523 2748 2633 2783 non
2666 2729 2907 2800 amplius

566 2797 857 2866 exprimere
900 2746 1100 2861 soient,
1152 2800 1219 2851 cf.
1267 2797 1455 2867 Wagn.
1493 2796 1593 2862 Qu.
1632 2797 1729 2851 Vir
1771 2840 1781 2852 .
1820 2797 2023 2863 XXIV,
2061 2801 2126 2861 2.,
2178 2797 2275 2851 hos
2314 2796 2537 2866 Vergilii
2584 2796 2727 2850 locos
2778 2812 2902 2850 con-

604 2881 781 2920 erens:
820 2864 947 2919 Gen.
984 2864 1087 2927 III,
1124 2868 1240 2919 548.
1277 2866 1409 2919 Aen.
1444 2865 1490 2928 I,
1528 2868 1646 2918 556.
1773 2905 1785 2920 .
1823 2868 1940 2919 260.
1978 2865 2073 2925 IV,
2109 2869 2223 2921 431.
2261 2865 2325 2928 V,
2371 2869 2483 2919 194.
2506 2867 2623 2919 633.
2662 2864 2756 2918 IX.
2784 2868 2901 2919 515.

564 2883 658 2996 {L
698 2936 777 2986 71.
840 2931 960 2986 Vid.
1009 2933 1174 2986 etiam
1209 2932 1419 2987 adnott.
1457 2932 1527 2987 ad
1561 2934 1693 2988 Aen.
1733 2933 1805 2995 X,
1849 2936 1966 2987 881.
2036 2933 2115 2987 De
2158 2932 2527 2987 coniunctione
2568 2931 2901 3001 singulorum

564 3001 924 3056 membrorum
973 3017 1070 3070 per
1114 3018 1284 3070 neque
1309 3033 1329 3043 -
1357 3031 1381 3042 -
1403 3017 1576 3069 neque
1603 3030 1622 3040 —
1647 3031 1671 3042 -
1697 3019 1806 3055 non
1828 3030 1852 3041 -
1877 3030 1899 3041 -
1927 3017 2031 3070 que
2074 3000 2141 3055 cf.
2185 3000 2327 3055 idem
2372 2999 2562 3070 Wagn.
2613 2999 2712 3065 Qu.
2750 3000 2902 3068 Virg.

563 3067 805 3148 XXXVI,
850 3071 953 3147 ¹.⁰·⁹
998 3068 1140 3123 hunc
1171 3068 1350 3124 locum
1384 3071 1659 3123 conferens
1706 3084 1828 3123 cum
1863 3068 1990 3124 Ge0.
2026 3068 2107 3133 Π,
2148 3072 2212 3123 83
2249 3085 2327 3137 sq.
2374 3071 2466 3122 136
2502 3085 2529 3121 s
2605 3110 2616 3120 .
2664 3067 2765 3125 m.
2808 3072 2903 3122 140

565 3156 592 3191 s
635 3181 645 3191 .
692 3136 807 3201 (ubl
839 3135 949 3189 vid.
986 3137 1220 3191 adnott)
1276 3139 1373 3190 252
1410 3153 1488 3205 sq.
1544 3135 1638 3198 IV,
1676 3140 1775 3191 210
1813 3154 1929 3206 sqq.
1994 3137 2126 3191 Aen.
2167 3136 2241 3198 X,
2281 3139 2379 3189 319
2415 3153 2495 3205 sq.
2531 3084 2647 3199 (φῦ,
2684 3137 2780 3188 227
2821 3152 2901 3204 sq.

563 3154 658 3267 ἆ,
700 3207 793 3258 138
829 3220 909 3272 sq.
947 3207 1003 3257 et
1037 3204 1323 3258 similibus.
1361 3236 1428 3245 —
1474 3200 1605 3265 253.
1655 3203 1845 3268 „Varii
1878 3221 2091 3259 versum
2126 3208 2313 3273 poetae
2347 3208 2534 3257 nostro
2571 3203 2899 3273 propositum

565 3272 747 3335 fuisse,
783 3273 977 3325 notant
1011 3273 1278 3342 Interpp.:
1319 3271 1454 3326 Non
1487 3290 1672 3326 amnes
1704 3272 1860 3327 alm
1892 3272 2079 3340 medii,
2112 3290 2226 3325 non
2258 3274 2442 3325 ardua
2478 3273 2720 3329 tardant.
2758 3270 2902 3341 apud

564 3340 799 3394 Macrob.
835 3339 951 3394 Sat.
996 3340 1100 3403 VI,
1136 3343 1183 3395 2.
1230 3359 1284 3410 p.
1323 3343 1478 3394 381.“
1536 3341 1716 3409 Heyn.
1784 3339 1998 3393 Imitati
2043 3344 2171 3394 sunt
2215 3339 2355 3393 hunc
2399 3339 2576 3392 locum
2619 3337 2808 3392 Claud.
2845 3339 2899 3391 in

563 3407 691 3461 Rus.
727 3406 807 3472 Π,
849 3410 960 3462 184.
1019 3408 1199 3462 Haud
1231 3408 1362 3463 illos
1510 3424 1566 3461 es
1640 3410 1794 3462 haud
1825 3407 1946 3462 alta
1989 3415 2230 3462 vetarent
2266 3407 2553 3473 Flumina,
2594 3406 2906 3477 praecipiti

563 3477 880 3530 movissent
914 3476 1101 3530 omnia
1134 3494 1324 3542 eursu,
1365 3482 1457 3541 (un
1498 3492 1526 3529 e
1560 3449 1769 3530 Peerlk.
1807 3475 1844 3530 l.
1883 3475 1920 3529 l.
1968 3475 2279 3530 concludere
2325 3473 2561 3535 videtur,
2612 3475 2773 3528 etiam
2813 3473 2900 3527 hic

600 3543 968 3598 raeferendum
1011 3560 1126 3597 esse
1171 3544 1583 3597 Coniunctivum
1630 3546 1933 3611 retardent,
1969 3543 2005 3596 i.
2045 3559 2087 3598 e.
2138 3542 2410 3597 retardare
2443 3547 2696 3622 possunt,
2740 3557 2898 3611 quem

641 3610 732 3665 dd.
768 3610 989 3680 quidam
1024 3611 1296 3673 exhibent)
1343 3613 1400 3666 et
1434 3609 1695 3665 Prudent.
1731 3610 1927 3665 Perist.
1964 3610 2059 3676 IX,
2100 3614 2212 3664 115.
2258 3611 2372 3664 Per
2401 3610 2590 3677 alem,
2618 3626 2727 3680 per
2760 3628 2898 3663 εωεα

562 3687 742 3745 ruunt,
775 3696 886 3733 non
919 3680 1055 3750 ripa
1087 3681 1341 3733 retardat
1361 3678 1422 3732 F
1417 3679 1654 3746 luminis,
1690 3686 1788 3733 aut
1819 3687 2034 3732 torrem
2068 3678 2354 3749 oppositus
2376 3676 2599 3731 cohibet.
2627 3708 2689 3717 —
2717 3677 2901 3747 „flu-

563 3750 743 3801 mina
776 3749 1167 3816 torquentia
1198 3748 1402 3813 unda,
1437 3746 1609 3800 fluctu
1647 3750 1704 3801 et
1739 3747 1944 3816 impetu
1990 3762 2102 3809 suc,
2140 3753 2407 3812 montes,
2449 3745 2503 3799 fr
2633 3745 2644 3757 ‘
2721 3787 2735 3810 ‚
2772 3761 2900 3799 saxa

565 3816 834 3869 ruentium
870 3816 1190 3869 montium.“
1230 3815 1412 3884 Heyn.
1483 3813 1760 3869 Schrader.
1800 3814 1935 3869 coni.
1961 3822 2175 3885 pontes,
2214 3813 2354 3883 quod
2396 3762 2585 3882 cupide
2621 3816 2893 3883 arreptum

565 3884 618 3935 in
664 3886 971 3936 contextum
1015 3884 1148 3937 adeo
1192 3883 1392 3952 recepit
1433 3882 1640 3936 Wakef.
1716 3882 1818 3936 Sed
1864 3882 2143 3952 vulgarem
2186 3881 2471 3936 lectionem
2516 3885 2676 3950 poeta
2724 3880 2897 3934 multo

566 3950 858 4021 digniorem
932 3954 1109 4006 raeter
1148 3951 1384 4004 omnium
1415 3949 1582 4005 Oodd.
1621 3966 1937 4005 consensum
1972 3954 2158 4004 tuetur
2191 3950 2353 4004 etiam
2388 3948 2504 4004 Silii
2537 3948 2767 4003 imitatio
2802 3948 2897 4011 IV,

566 4022 665 4072 522
701 4035 815 4087 sqq.
919 4019 958 4070 't
1002 4029 1214 4073 torrem
1242 4048 1262 4057 -
1290 4047 1308 4057 ·
1339 4017 1474 4071 Oeam
1518 4020 1706 4072 sonitu
1750 4020 1865 4071 ruit
1913 4020 1974 4072 in
2016 4036 2139 4071 cam
2180 4036 2265 4083 οε,
2315 4033 2617 4107 'aequoque
2656 4018 2901 4085 fragore

564 4086 828 4139 Amisum
860 4088 1059 4139 montis
1093 4087 1264 4141 volvit
1308 4086 1478 4153 lam,
1528 4085 1647 4140 coll.
1696 4102 1816 4140 cum
1853 4085 2021 4141 eiusd.
2147 4124 2160 4147 ,
2201 4089 2314 4140 395.
2370 4085 2509 4137 Qum
2541 4084 2748 4138 salicem
2777 4102 2897 4137 sco-

557 4156 698 4224 pulo
732 4153 1003 4221 avulsum,
1048 4172 1206 4223 quem
1235 4154 1503 4208 montibus
1540 4155 1671 4208 altis
1706 4155 2013 4225 Depulerat
2046 4162 2279 4221 torrens,
2322 4160 2546 4224 raptum
2586 4160 2900 4222 contorquet

566 4223 625 4274 in
662 4240 764 4275 ora
803 4222 1094 4277 Dav-bidus.
1164 4222 1285 4277 Non
1304 4219 1497 4276 'minus
1532 4221 1820 4276 reiicienda
1842 4220 2147 4276 Marklandi
2181 4222 2315 4275 coni.
2354 4221 2429 4287 (in
2463 4219 2636 4289 Epist.
2673 4220 2791 4274 erit.
2828 4219 2894 4273 ad

569 4288 654 4343 Fr.
698 4289 841 4343 Hare
882 4306 934 4357 p.
976 4294 1058 4344 52.
1093 4290 1411 4359 proposita).
1467 4292 1647 4355 fundo
1684 4306 1779 4358 pro
1816 4293 1969 4344 unda
2009 4289 2032 4343 l
2100 4288 2297 4343 endum
2334 4304 2449 4343 esse
2488 4288 2797 4342 statuentis.
2829 4317 2897 4327 —-

567 4374 723 4477 ’ἐξὲξ
731 4356 1805 4479 8ξὲξέἅὲἕᾶῃέ““ὲνίἒ.ἓᾶ“ῧ.ἓᾶᾱῑ.ῗ.
1825 4306 2651 4480 2‘.{¹¹÷...ffi¹²⁹‘¹}{.1.2351³“331¹·¹3;03¹
2662 4356 2897 4489 ,⁰333ss

568 4489 811 4557 Haupt),
848 4492 1012 4545 etiam
1044 4492 1236 4562 Wagn.
1276 4495 1296 4546 i
1335 4467 1407 4546 se’
1425 4493 1481 4546 in
1513 4466 1644 4547 min⁹.
1687 4490 1839 4556 edit„
1888 4510 2045 4563 quem
2090 4494 2238 4561 prius
2271 4490 2531 4571 copulam
2572 4440 2895 4570 reiiclientem

569 4560 770 4610 temere
810 4560 981 4611 secuti
1016 4575 1221 4613 sumus.
1359 4576 1490 4614 nsus
1532 4562 1673 4615 enim
1710 4564 1820 4614 est:
1872 4576 1978 4615 non
2022 4560 2245 4615 fiumina
2277 4560 2503 4623 obieeta,
2549 4574 2684 4628 quae
2732 4563 2894 4614 etiam
