3616 5026
592 190 714 254 236
1300 186 1371 250 Ρ.
1420 184 1788 251 VERGILI
1830 186 2229 254 MARONIS

757 352 897 417 Nec
937 351 1183 416 frustra
1225 352 1558 437 signorum
1603 352 1819 419 obitus
1867 351 2280 440 speculamur
2322 363 2387 418 et
2428 361 2612 418 ortus

594 433 1155 533 Temporibusque
1196 456 1422 521 parem
1471 435 1750 500 diversis
1796 446 2103 522 quattuor
2140 458 2402 501 annum.

520 555 534 571 ·
592 519 902 603 Frigidus
950 516 1304 602 agricolam
1350 521 1407 581 si
1453 518 1714 603 quando
1761 521 2048 583 continet
2090 520 2319 599 imber,

590 601 818 682 Multa,
862 603 1074 665 forent
1117 622 1282 687 quae
1326 622 1482 666 mox
1527 601 1706 667 caelo
1802 602 2174 688 reperanda
2216 623 2461 684 sereno,
2842 613 2941 664 260

588 684 925 749 Maturare
973 682 1191 747 datur:
1236 682 1475 749 durum
1519 707 1722 772 procu
1775 689 1828 749 it
1872 698 2093 750 arator

591 768 890 832 Vomeris
940 765 1197 830 obtunsi
1244 766 1518 851 dentem,
1566 782 1760 833 cavat
1806 767 2041 833 arbore
2081 766 2327 849 lintreS,

591 960 648 1010 et
680 954 821 1009 Plin.
860 954 1017 1016 XVI,
1057 961 1144 1018 39,
1194 959 1274 1010 74.
1314 960 1393 1010 75.
1465 956 1545 1010 De
1578 956 1873 1011 Adiectivis
1917 972 2011 1025 pro
2050 956 2329 1010 Adverbiis
2364 955 2554 1025 positis
2589 954 2694 1009 vicl.
2728 955 2939 1010 adnott.

591 1023 658 1077 ad
700 1022 829 1078 Gen.
860 1022 962 1077 111.
1007 1026 1122 1076 535.
1163 1055 1228 1063 —
1260 1020 1373 1083 257
1413 1041 1529 1093 sqq.
1601 1024 1778 1077 Etiam
1827 1040 1948 1077 cum
1990 1024 2230 1093 pluvium
2275 1030 2487 1092 tempus
2524 1021 2667 1076 domi
2697 1023 2940 1077 continet

590 1091 878 1153 rusticum,
926 1090 1186 1151 inveniet,
1235 1108 1371 1159 quac
1413 1092 1515 1146 hac
1560 1092 1745 1161 iniqua
1787 1095 2138 1160 tempestate,
2185 1094 2240 1145 et
2275 1091 2455 1161 aptius
2547 1089 2724 1143 uidem
2782 1107 2940 1160 quam

591 1174 776 1212 sereno
813 1157 975 1216 caelo.
1018 1173 1177 1226 agere
1211 1160 1400 1226 possit.
1472 1160 1650 1228 Atque
1686 1159 1783 1211 hoc
1825 1175 2032 1227 quoqne
2071 1164 2180 1212 tem
2221 1175 2284 1212 us
2320 1159 2500 1229 praevi
2542 1174 2627 1211 ere
2662 1157 2815 1227 eique
2850 1175 2940 1212 ne-

591 1226 740 1291 gotia
782 1226 989 1280 rustica
1037 1226 1437 1279 accommodare
1481 1227 1637 1280 docet
1674 1227 1911 1279 siderum
1956 1228 2179 1280 observa
2207 1225 2271 1278 io,
2343 1226 2476 1280 Usui
2520 1227 2699 1279 autem
2736 1225 2943 1294 agrico-

592 1290 792 1355 larum,
841 1294 932 1364 qui
966 1309 1070 1347 non
1111 1297 1265 1346 erant
1302 1294 1507 1347 astrol«)
1549 1294 1592 1349 i.
1639 1294 2004 1347 inserviebant
2042 1293 2262 1347 tabulae
2307 1293 2694 1347 astronomicae
2729 1293 2799 1346 ab
2835 1292 2940 1345 Eu-

590 1361 723 1414 doxo
760 1361 847 1426 (de
885 1378 990 1431 quo
1040 1359 1161 1414 vide
1208 1361 1416 1414 adnott.
1577 1361 1688 1414 Ecl.
1733 1359 1833 1423 111,
1881 1364 2017 1416 401.
2061 1361 2273 1414 Metonc
2317 1361 2543 1429 aliisque
2579 1359 2851 1414 confectae
2887 1364 2942 1413 et

588 1427 895 1482 calendaria
930 1428 1280 1483 oeconomica.
1320 1444 1455 1497 quae
1491 1445 1632 1482 nunc
1671 1430 1949 1491 vocantur,
1989 1433 2045 1482 et
2083 1428 2241 1497 quale
2277 1427 2575 1507 composuit
2598 1427 2805 1482 Colum.
2842 1427 2937 1489 XI,

589 1499 657 1555 2.,
697 1497 751 1549 in
794 1496 990 1565 quibus
1027 1498 1177 1548 ortus
1216 1500 1271 1548 et
1306 1512 1524 1549 occasus
1561 1496 1823 1557 siderum,
1861 1498 2217 1575 tempestates
2255 1512 2445 1565 quovls
2483 1500 2724 1564 tempore
2759 1511 2940 1564 exspe-

590 1562 817 1617 ctandae
857 1566 913 1616 et
962 1562 1071 1616 alia
1115 1562 1332 1617 rusticis
1378 1563 1744 1633 cognoscenda
1785 1567 1942 1617 erant
1986 1562 2238 1616 indicata.
2311 1563 2412 1629 (Cf.
2459 1561 2665 1616 Colum.
2709 1562 2811 1623 IX,
2862 1566 2941 1617 14.

591 1630 714 1692 XII,
755 1633 803 1684 2.
840 1634 922 1691 et,
998 1631 1052 1683 ui
1088 1629 1230 1683 hunc
1262 1630 1470 1693 laudat,
1515 1631 1665 1684 Voss.
1702 1629 1769 1684 ad
1806 1630 1863 1684 h.
1899 1631 1962 1683 1³
2035 1632 2282 1685 Ceterum
2319 1630 2482 1685 etiam
2516 1629 2653 1683 Cato
2688 1630 2751 1683 R.
2789 1630 2850 1682 R.
2890 1633 2939 1695 2,

589 1703 639 1753 3.
675 1700 731 1752 et
764 1697 935 1751 Varro
1028 1738 1040 1751 .
1081 1697 1142 1749 R.
1178 1698 1222 1754 1.
1263 1703 1364 1759 36..
1403 1698 1719 1768 quibuscum
1756 1697 1897 1751 Plin.
1936 1697 2136 1758 XVIII,
2175 1701 2224 1757 6.
2264 1701 2311 1752 8.
2348 1695 2720 1759 conferendus,
2753 1696 2937 1751 eadem

588 1773 644 1821 et
681 1765 789 1819 alia
823 1781 983 1835 opera
1021 1765 1229 1818 rustica
1263 1765 1565 1834 pluviarum
1606 1768 1844 1834 tempore
1880 1769 1943 1818 ut
1976 1765 2298 1835 suscipiant.
2336 1764 2552 1818 rusticis
2591 1763 2836 1818 suadent.
2871 1798 2888 1805 -

584 1830 715 1893 258.
743 1850 999 1902 parem,
1037 1832 1177 1901 quod
1215 1836 1431 1886 constat
1470 1850 1531 1888 ex
1569 1837 1799 1902 quatuor
1837 1833 2085 1901 partibus
2122 1833 2225 1886 sibi
2299 1833 2481 1885 aribus
2513 1846 2673 1895 (vere,
2712 1836 2937 1887 aestate.

587 1904 895 1961 auctumno,
932 1898 1145 1955 hieme).
1185 1916 1320 1969 quae
1356 1900 1547 1954 iisdem
1584 1916 1793 1970 semper
1829 1904 2131 1969 temporum
2172 1901 2273 1953 vici
2314 1917 2377 1954 us
2405 1900 2510 1953 sibi
2536 1899 2845 1954 succedunt.
2875 1934 2893 1940 -
2925 1933 2938 1939 -

633 1976 903 2021 nattuor
940 1982 1002 2020 ex
1038 1966 1205 2031 Med..
1253 1967 1378 2021 Vat.
1419 1971 1474 2021 et
1514 1968 1666 2020 Rom.
1704 1969 2031 2021 auctoritate
2073 1983 2215 2020 nunc
2255 1984 2374 2021 cum
2411 1966 2794 2021 recentissimis
2830 1967 2942 2022 edi-

615 2035 795 2090 oribus
832 2035 935 2088 scri
975 2034 1161 2088 simne.
1233 2034 1315 2088 Cf.
1352 2036 1543 2101 Wagn.
1592 2034 1745 2090 Orth.
1792 2034 1956 2102 Verg.
1995 2052 2049 2104 p.
2094 2040 2212 2089 407.
2258 2039 2336 2090 et.
2383 2036 2473 2103 qui
2514 2034 2589 2087 ibi
2627 2033 2937 2089 laudantur.

586 2101 890 2158 Schneider.
928 2052 1168 2156 gramm.
1196 2101 1317 2157 Lat.
1355 2102 1398 2163 Ι,
1441 2108 1486 2156 2.
1524 2121 1576 2171 p.
1613 2108 1712 2156 446
1749 2119 1830 2181 sq.
1872 2105 2081 2159 (contra
2119 2102 2560 2181 quem-disputat
2594 2101 2829 2156 Ellendt.
2870 2102 2938 2156 ad

586 2171 695 2225 Cic.
734 2170 799 2224 de
838 2170 929 2224 Or.
965 2169 1038 2227 11.
1081 2171 1161 2228 83.
1202 2174 1341 2223 339.)
1379 2175 1436 2223 et
1474 2170 1563 2224 Fr.
1599 2171 1787 2224 Haasn
1823 2172 2076 2225 not.3l-l.
2110 2170 2178 2224 ad
2204 2170 2344 2223 Remi
2390 2171 2401 2181 ⁸
2459 2169 2686 2223 Vorlesu
2761 2213 2771 2223 .
2811 2171 2944 2222 iiber

587 2241 642 2291 d.
659 2238 785 2290 Lat.
803 2238 931 2307 Spr.
988 2239 1135 2289 .284.
1164 2236 1315 2290 Adde
1340 2237 1560 2291 Lachm.
1590 2236 1658 2291 ad
1680 2237 1840 2290 Iaucr.
1861 2236 1962 2291 ΙΙΙ.
1990 2240 2106 2291 917.
2177 2280 2187 2290 .
2223 2240 2332 2291 193.
2407 2235 2646 2290 ietschel.
2753 2235 2938 2290 Plauti

586 2305 747 2358 Most.
774 2308 889 2358 630.
918 2319 946 2356 e
994 2303 1250 2358 Ribbeck.
1281 2304 1496 2375 Proleg.
1518 2322 1571 2374 p.
1594 2308 1713 2373 443,-
1742 2336 1807 2344 —
1831 2301 1963 2365 259.
1986 2305 2068 2357 Cf.
2092 2255 2453 2358 Hsssiodbet
2472 2304 2671 2357 D.-1e4.
2695 2302 2808 2375 ὥρῃ
2821 2323 2938 2370 χη-

584 2390 657 2440 με
698 2376 770 2445 (ῃ,
796 2368 973 2426 ὁπότε
1001 2372 1166 2440 κρύος
1191 2372 1391 2439 ἀνέρας
1416 2372 1599 2441 ἔργων
1623 2369 1891 2441 Ἰσχάνει.
1920 2372 2193 2426 Hanovius
2205 2371 2391 2425 Sched.
2413 2372 2529 2424 crit.
2597 2412 2609 2424 .
2630 2374 2660 2425 8
2680 2371 2939 2439 sq.etiam

586 2440 641 2494 in
717 2455 777 2493 oc
813 2439 930 2492 loco
965 2437 1171 2499 haeret,
1208 2455 1347 2499 cum,
1390 2439 1530 2508 quod
1567 2456 1695 2494 sane
1730 2440 1918 2507 negari
1938 2455 2042 2492 non
2067 2443 2265 2508 potest.
2303 2455 2398 2492 nos
2422 2388 2638 2518 praeger
2663 2443 2935 2507 exspecta-

586 2508 783 2562 tionem
823 2506 1004 2560 subito
1041 2505 1109 2560 ad
1146 2523 1229 2560 res
1266 2523 1575 2575 progressos
1612 2524 1728 2563 esse
1767 2507 2083 2568 sentiamus.
2125 2507 2192 2561 ad
2230 2523 2362 2576 quas
2389 2522 2475 2560 via
2499 2505 2645 2560 haud
2665 2523 2700 2576 q
2809 2523 2935 2561 uam

586 2576 798 2630 munita
831 2574 905 2627 sit
945 2589 1132 2643 (quare
1170 2575 1332 2628 etiam
1369 2573 1622 2630 Ribbeck.
1666 2575 1923 2630 adnotat.
1973 2582 2137 2634 „ante
2176 2591 2223 2630 v.
2261 2579 2377 2628 259.
2414 2573 2675 2643 quaedam
2709 2574 2764 2627 in
2838 2590 2938 2628 auc

586 2642 909 2697 sententiam
946 2641 1261 2696 desiderari:
1303 2646 1472 2706 „sunt
1506 2644 1646 2696 enim
1685 2642 1794 2696 suis
1836 2658 2076 2711 quaeque
2101 2641 2430 2711 temporibus
2449 2656 2611 2711 opera
2630 2640 2934 2708 adsignata,

584 2711 748 2765 etiam
783 2709 877 2770 eis,
917 2725 1053 2778 quae
1093 2708 1303 2763 nullum
1342 2711 1553 2763 omnino
1594 2710 1869 2777 negotium
1908 2710 2158 2763 videntur
2195 2708 2563 2774 admittere“),
2599 2707 2694 2762 sed
2731 2709 2937 2763 fatetur

585 2779 776 2838 etiam,
823 2776 926 2830 sibi
973 2793 1076 2830 non
1118 2781 1386 2840 constare,
1446 2794 1583 2846 quae
1625 2776 1836 2831 medela
1878 2776 1994 2830 loco
2030 2777 2104 2829 sit
2147 2775 2466 2830 adhibenda.
2514 2806 2579 2813 —-
2627 2777 2939 2845 friqidus

583 2845 771 2898 Vossio
813 2844 987 2898 iudice
1034 2860 1138 2896 non
1190 2844 1362 2897 solum
1401 2844 1466 2898 de
1501 2844 1686 2914 pluvia
1719 2844 1944 2897 hiberna
1982 2843 2410 2912 intelligendum,
2449 2841 2546 2898 sed
2580 2843 2792 2898 omnino
2827 2844 2938 2914 epi·

581 2911 772 2965 theton
809 2913 895 2966 est
927 2911 1142 2981 pluviae
1177 2916 1233 2965 et
1267 2913 1566 2965 ventorum.
1612 2911 1718 2977 (Cf.
1754 2911 1899 2964 infra
1921 2910 2019 2968 111.
2060 2914 2175 2964 279.
2211 2911 2303 2972 lv,
2342 2913 2482 2978 261.)
2516 2941 2584 2951 -
2622 2913 2935 2970 continet.

585 2979 726 3033 domi
775 2981 956 3040 tenet,
998 2979 1138 3033 exire
1183 2980 1240 3032 in
1287 2995 1535 3048 campum
1577 2995 1682 3032 non
1730 2979 1958 3047 patitur.
2029 2978 2112 3032 Cf.
2160 2978 2343 3032 Burm.
2389 2978 2457 3032 ad
2494 2977 2708 3034 Petron.
2747 2995 2792 3033 c.
2828 2982 2930 3041 65..

583 3047 674 3116 qui
709 3045 778 3100 ad
812 3046 867 3099 h.
902 3045 943 3101 1.
978 3045 1170 3101 laudat
1205 3046 1400 3099 lustin.
1438 3045 1607 3108 XLII,
1644 3051 1691 3098 4.
1752 3046 1859 3098 Ille
1894 3045 2152 3099 simulato
2192 3048 2384 3099 timore
2420 3046 2521 3099 diu
2557 3047 2826 3101 continuit
2860 3063 2933 3109 se.

584 3131 657 3168 sc.
703 3113 918 3168 castris,
994 3113 1295 3182 Conington
1345 3113 1553 3167 confert
1597 3113 1780 3167 Iuven.
1829 3112 1901 3174 V,
1959 3117 2067 3167 100.
2148 3115 2302 3166 Dum
2343 3129 2399 3167 se
2442 3114 2679 3167 continet
2717 3116 2934 3180 Auster,

584 3183 734 3234 Dum
755 3182 905 3234 sedet
932 3188 981 3232 et
1005 3182 1177 3234 siccat
1202 3181 1464 3233 madidas
1488 3181 1546 3233 in
1571 3197 1792 3234 earcere
1813 3198 2043 3251 pennas.
2070 3212 2136 3220 —
2161 3181 2345 3234 caelo
2384 3197 2640 3245 sereno,
2678 3181 2937 3250 quamdiu

584 3249 793 3303 caelum
828 3263 1077 3301 serenum
1115 3251 1225 3308 est,
1265 3248 1386 3301 ΑΜ.
1438 3248 1581 3310 abs.;
1630 3248 1737 3302 vid.
1784 3264 1950 3317 supra
1992 3248 2058 3302 ad
2099 3266 2147 3301 v.
2194 3252 2306 3301 214.
2343 3278 2404 3286 -
2441 3245 2569 3306 261.
2609 3248 2827 3303 Multa
2860 3279 2881 3289 -
2919 3279 2937 3290 -

583 3316 941 3369 filatur-are
978 3317 1206 3378 datur,
1253 3314 1286 3369 i.
1337 3332 1383 3369 e.
1423 3314 1585 3368 datur
1622 3317 1827 3370 occasio
1872 3316 2045 3369 multa
2098 3315 2431 3378 maturandi,
2479 3315 2608 3369 licet
2644 3322 2934 3371 maturare.

584 3385 743 3437 Dare
781 3398 902 3436 cum
938 3382 1094 3436 Infin.
1134 3385 1532 3446 constructum,
1596 3401 1690 3453 pro
1740 3385 1940 3444 sinere,
2003 3384 2313 3452 permittere
2335 3423 2346 3438 .
2411 3382 2551 3451 quod
2592 3385 2763 3462 poetis
2799 3385 2934 3438 satis

583 3451 863 3512 usitatum,
906 3466 933 3503 e
960 3450 1228 3520 pedestris
1265 3450 1522 3504 orationis
1562 3452 1916 3519 scriptoribus
1953 3450 2216 3519 imprimis
2245 3449 2455 3503 Plinius
2483 3449 2668 3503 Iumor
2685 3456 2933 3522 usurpat,

581 3534 631 3571 v.
671 3533 715 3571 c.
759 3516 961 3586 Paneg.
1002 3522 1092 3580 29,
1141 3521 1188 3570 3.
1238 3522 1326 3578 50,
1382 3523 1431 3571 4.
1471 3521 1563 3581 51,
1602 3522 1650 3571 4.
1695 3522 1785 3580 79,
1830 3523 1876 3571 3.
1922 3517 2095 3585 Epist.
2134 3518 2185 3580 Ι,
2233 3520 2318 3580 10,
2366 3522 2413 3571 5.
2484 3517 2753 3578 Ceterum,
2793 3518 2934 3588 quod

583 3586 690 3639 iam
736 3589 946 3638 veteres
996 3585 1350 3639 Grammatici
1401 3586 1639 3647 (Servius
1687 3584 1755 3639 ad
1800 3584 1854 3638 h.
1894 3584 1933 3637 l.
1979 3584 2186 3639 Genius
2220 3584 2296 3646 X,
2349 3588 2426 3638 11.
2463 3584 2699 3638 Macrob.
2732 3586 2824 3649 VI,
2865 3590 2936 3642 8.)

582 3655 1389 3784 ftmffl’aepssaesssszssz
1428 3652 1896 3773 ΒίὲᾏέἵέἽΎ
1919 3654 2144 3773 3Ρὲἷῖ
2181 3651 2937 3788 Siigtlffliffliafttoegss

913 3759 926 3783 9
1401 3760 1412 3780 ς
1705 3762 1717 3776 0

582 3858 628 3907 3.
642 3921 653 3932 ·
676 3791 1107 3932 sczibffiztliigtililt
1152 3787 1291 3907 {vigo
1341 3787 2010 3908 igaturcilrtgmlizuigrlibri
2036 3786 2379 3932 ,edgpzll'gm'l
2387 3785 2738 3934 233⁰de
2753 3787 2937 3921 d(guig--

584 3920 802 3974 ctihano
848 3921 987 3976 Inst.
1038 3921 1142 3989 VI,
1206 3925 1283 3975 10.
1344 3922 1699 3975 Observatum
1723 3924 1858 3990 fere
1904 3930 1980 3975 est
1998 3961 2010 3984 ,
2068 3921 2299 3976 celer-tue
2335 3924 2589 3975 occulere
2620 3924 2939 3988 festinatam

585 3989 980 4054 maturitatem,
1052 4005 1148 4043 uos
1186 3988 1328 4043 locos
1370 3988 1537 4043 debeo
1574 3989 1971 4050 Doederleinio,
2022 3988 2177 4043 docte
2215 3987 2314 4042 hac
2350 3989 2416 4042 de
2451 4005 2508 4044 re
2544 3988 2847 4059 disputanti
2881 3991 2935 4044 in

583 4057 779 4123 Synon.
831 4055 954 4109 Lat.
1005 4055 1031 4109 1
1065 4096 1078 4109 .
1164 4099 1174 4109 .
1232 4053 1324 4109 138
1370 4074 1449 4126 sq.
1497 4056 1670 4121 (Voss
1719 4073 1836 4110 com
1876 4061 1996 4110 arat
2034 4057 2296 4111 Graecum
2334 4056 2674 4125 proverbium
2721 4059 2936 4112 σπεῦδε

581 4124 851 4204 βςιᾳδέως,
891 4126 1070 4201 spade
1108 4073 1256 4189 eginh,
1295 4126 1425 4177 aber
1461 4123 1566 4177 cilo
1599 4124 1784 4180 nicht).
1821 4073 1970 4178 fiala
2003 4124 2173 4192 igitur
2218 4126 2545 4193 tempestate
2570 4123 2712 4178 domi
2737 4127 2936 4179 maiore

583 4190 871 4258 diligentia
905 4206 961 4243 m
998 4192 1336 4245 antecessum
1374 4192 1551 4260 parari
1627 4197 1836 4247 essunt.
1910 4208 2010 4246 uae
2038 4206 2226 4246 serena
2247 4193 2589 4260 tempestate,
2630 4209 2736 4261 qua
2761 4193 2936 4246 multa

583 4258 693 4311 alia
730 4257 995 4320 curanda,
1034 4258 1398 4316 instituenda.
1437 4275 1575 4327 agen
1614 4275 1647 4313 a
1684 4263 1830 4318 sunt.
1896 4259 2202 4322 estinando,
2242 4259 2423 4312 subito
2461 4263 2517 4313 et
2554 4261 2770 4315 confuse
2803 4261 2933 4314 faci-

585 4324 753 4389 ende,
800 4326 935 4379 bene
980 4326 1095 4379 fieri
1138 4330 1430 4394 nequeunt.
1474 4359 1533 4367 —
1577 4330 1958 4397 procudere
2002 4326 2088 4381 hic
2133 4326 2403 4394 significat
2442 4325 2639 4382 malleo
2674 4327 2930 4391 cudend0,

583 4390 862 4445 tundendo
899 4409 1173 4450 exacuere,
1214 4396 1280 4447 ut
1314 4394 1457 4463 apud
1481 4394 1637 4449 Lucr.
1675 4395 1739 4450 V.
1784 4398 1929 4449 1263.
2000 4398 2073 4446 Et
2100 4412 2362 4465 prorsum
2467 4395 2644 4449 ¹amois
2679 4397 2733 4449 in
2769 4402 2932 4448 aerata

582 4476 651 4510 ac
675 4458 862 4511 tenvia
876 4477 1043 4529 posse
1065 4460 1400 4513 Macronnm
1424 4463 1557 4516 ἄπιοι·
1573 4463 1806 4529 fastiyia
1819 4464 2203 4550 procudenda.
2224 4492 2290 4501 -
2309 4412 2756 4539 ffljaeVomeris
2789 4464 2932 4516 den·

582 4531 721 4576 tem.
763 4524 849 4578 cf.
887 4543 951 4580 su
991 4526 1140 4581 raad
1166 4543 1214 4579 v.
1248 4531 1359 4581 172.
1384 4559 1447 4567 ---
1478 4529 1753 4582 obtunsi.
1798 4531 1885 4583 bic
1905 4529 2067 4593 Med„
2093 4531 2265 4592 Rom„
2302 4528 2530 4583 ahorum
2558 4530 2742 4596 Oodd„
2767 4530 2934 4584 Servii

581 4592 639 4642 et
674 4589 925 4652 Eutychii
952 4544 1038 4656 ¹I'I,
1072 4598 1123 4646 4.
1155 4595 1481 4649 auctoritate
1517 4612 1638 4649 cum
1678 4596 2060 4651 recentissimis
2101 4594 2397 4651 editoribus
2443 4596 2769 4667 scripsimus
2845 4597 2931 4652 Cf.
