3616 5026
495 154 614 217 488
1203 147 1276 212 P.
1311 144 1679 213 VERGILI
1717 146 2114 215 MARONIS

494 313 879 380 Observant.
964 314 1142 415 Rege
1181 313 1484 380 incolumi
1527 336 1707 380 mens
1749 314 2048 380 omnibus
2089 336 2220 380 una
2257 322 2394 387 θεὶς

489 397 748 461 Amisso
793 419 1026 496 rupere
1066 396 1260 462 fldem
1303 409 1795 482 constructaque
1838 397 2034 463 mella

494 480 845 566 Diripuere
886 502 1068 566 ipsae
1106 491 1169 544 et
1208 489 1421 545 crates
1466 479 1715 546 solvere
1755 480 2071 545 favorum.

493 560 611 626 Ille
655 585 925 649 operum
968 572 1201 646 custos,
1243 562 1424 629 illum
1469 562 1871 628 admirantur
1914 574 1978 629 et
2018 584 2238 629 omnes
2710 570 2811 621 215

496 646 932 711 Circumstant
969 645 1225 711 fremitu
1268 646 1469 711 denso
1513 647 1881 734 stipantque
1920 645 2019 711 fre
2064 655 2288 711 uentes

501 728 590 792 Et
633 750 826 814 saepe
872 728 1166 794 attollunt
1207 729 1489 795 humeris
1532 739 1598 794 et
1639 751 1919 818 corpora
1956 668 2126 794 bello

500 810 847 877 Obiectant
890 811 1351 899 pulchramque
1393 821 1619 899 petunt
1658 835 1777 899 per
1808 812 2078 879 volnera
2117 820 2404 876 mortem.

655 893 784 958 His
829 893 1088 981 quidam
1135 896 1337 982 signis
1384 905 1578 983 atque
1613 895 1775 961 haec
1812 894 2114 982 exempla
2156 896 2358 960 secuti

489 976 655 1044 Esse
695 976 927 1077 apibus
971 989 1219 1064 partem
1266 978 1526 1044 divinae
1567 980 1798 1044 mentis
1845 990 1908 1044 et
1950 978 2216 1045 haustus
2711 985 2810 1036 220

485 1060 828 1127 Aetherios
870 1060 1128 1142 dixere3
1172 1061 1358 1128 deum
1405 1083 1683 1149 namque
1723 1064 1821 1127 ire
1866 1085 1982 1149 per
2023 1060 2238 1127 omnia

487 1310 673 1367 Indiae
705 1310 859 1366 illam
893 1315 1100 1380 partem
1116 1352 1129 1370 .
1178 1310 1235 1364 in
1303 1326 1376 1364 ua
1406 1307 1687 1380 Hydaspes
1723 1313 1807 1365 est
1876 1310 1959 1364 vel
1998 1313 2141 1365 certe
2176 1310 2346 1364 oritur
2378 1310 2435 1363 in
2470 1308 2810 1379 Paropamiso

486 1378 700 1448 monte],
776 1379 1092 1434 ertinebant.
1161 1378 1241 1432 De
1270 1327 1376 1432 hac
1406 1377 1592 1432 Indiae
1670 1382 1803 1438 arte,
1913 1378 2048 1432 ersis
2086 1378 2351 1440 subiecta,
2419 1377 2531 1446 egit
2565 1378 2808 1454 accurate

487 1446 700 1500 Hecu-en
771 1464 799 1501 e
832 1446 1167 1500 commerciis
1202 1447 1373 1515 anttfq.
1402 1444 1598 1516 popul.
1687 1489 1697 1499 .
1733 1444 1806 1499 11.
1845 1463 1898 1515 p.
1939 1450 2037 1499 300
2071 1463 2185 1515 sqq.
2244 1445 2270 1499 1
2366 1459 2433 1498 ue
2507 1460 2564 1498 ro
2597 1444 2810 1498 Persico

487 1530 580 1568 sen
614 1513 781 1568 Persa
815 1513 1043 1567 Medum
1075 1529 1283 1568 amnem
1319 1512 1526 1581 poetico
1563 1528 1708 1566 more
1741 1512 2052 1581 appellavit,
2086 1517 2151 1569 nt
2186 1512 2330 1566 Hora
2361 1554 2371 1565 .
2409 1510 2454 1566 O
2497 1552 2508 1563 .
2544 1512 2589 1572 I,
2629 1514 2686 1574 2,
2724 1516 2808 1565 51.

489 1585 545 1636 et
580 1581 767 1636 alibi.“
837 1582 983 1635 Haec
1042 1580 1234 1651 Heyn„
1277 1581 1586 1635 rectissime.
1655 1579 1757 1644 (Cf.
1796 1581 1960 1635 etiam
1992 1581 2134 1635 infra
2183 1581 2251 1634 ad
2307 1596 2358 1632 v.
2416 1582 2534 1633 290.
2579 1579 2809 1636 adnott.)

486 1649 699 1718 Wagn„
740 1648 805 1703 de
840 1665 972 1718 puro
1007 1651 1139 1718 puto
1171 1652 1359 1719 poetae
1395 1664 1568 1702 errore
1605 1663 1664 1701 co
1706 1648 1873 1708 tans,
1912 1647 2056 1702 hunc
2086 1648 2261 1703 locum
2296 1647 2395 1714 Qu.
2430 1646 2578 1715 Virg.
2615 1645 2725 1701 XL.
2758 1650 2808 1700 3.

486 1717 629 1771 inter
688 1732 777 1771 eos
838 1716 1017 1780 refert,
1078 1733 1209 1786 quos
1245 1716 1482 1771 scribens
1516 1665 1786 1836 veffiffim‘
1848 1715 2166 1770 dormitasse
2214 1715 2484 1770 videatur:
2547 1713 2687 1783 quod
2747 1718 2812 1767 ut

486 1786 787 1839 statuamus
846 1801 950 1838 non
1010 1800 1141 1853 opus
1192 1801 1323 1847 esse,
1363 1782 1520 1837 modo
1556 1783 1610 1836 vi
1651 1784 1806 1837 'mus.
1879 1783 1962 1840 (In
2028 1784 2153 1838 edit.
2197 1786 2379 1837 tamen
2434 1781 2562 1836 min.
2616 1781 2808 1850 Wagn.

485 1851 636 1905 nobis
672 1851 931 1906 adsensus
965 1851 1098 1906 haec
1117 1852 1426 1906 adnotavit:
1470 1850 1804 1920 „Hydaspes,
1842 1850 2035 1905 fluvius
2071 1851 2271 1912 Indiae,
2308 1849 2499 1904 Medus
2530 1853 2811 1918 propterea

483 1918 675 1982 dictus,
735 1920 876 1989 qnod
934 1919 990 1973 in
1022 1919 1382 1988 Paropamiso‚
1418 1919 1691 1972 Medorum
1747 1921 1947 1982 monte,
2007 1919 2255 1980 oritur.“)
2324 1918 2403 1972 De
2461 1917 2574 1987 ipso
2628 1920 2809 1970 autem

481 1985 640 2041 fluvio
694 1989 806 2057 (qui
844 2001 984 2041 nunc
1017 1988 1224 2057 proprie
1259 1988 1524 2048 Bedusta,
1709 2001 1738 2039 ο
1774 1989 1958 2040 autem
1992 1987 2176 2039 Behut
2234 1989 2289 2040 et
2342 1984 2557 2053 Djeltm
2591 1984 2810 2044 dicitur)

483 2054 587 2108 vid.
621 2053 756 2108 liber
789 2070 939 2108 mens
1001 2071 1182 2123 geogr.
1231 2055 1301 2109 11.
1358 2072 1410 2124 p.
1466 2056 1584 2107 488.
1702 2057 1909 2107 eterum
1943 2053 2034 2107 alii
2072 2054 2428 2124 Hydaspesve
2461 2051 2806 2121 scripserunt,

481 2120 622 2242 auod
685 2121 869 2176 Burm.
919 2125 1060 2176 recte
1116 2124 1316 2176 reiecit.
1385 2121 1506 2175 Vid.
1543 2121 1813 2175 Weiehert
1874 2120 1938 2175 de
1990 2138 2147 2175 versu
2179 2121 2417 2190 hyperm.
2476 2136 2530 2187 p.
2581 2121 2659 2173 18.
2728 2118 2806 2172 De

518 2189 758 2243 uviorum
794 2193 974 2244 autem
1011 2190 1311 2244 nominibus
1347 2205 1442 2259 pro
1479 2189 1776 2243 accolarum
1839 2189 1922 2242 vel
1958 2189 2230 2258 regionum
2288 2189 2486 2241 circum
2521 2186 2805 2241 iacentium

482 2256 670 2325 positis
705 2257 809 2310 vid.
850 2256 1060 2311 adnott.
1096 2258 1161 2311 ad
1204 2258 1328 2312 Ge0.
1366 2257 1424 2316 Ι,
1465 2261 1581 2310 509.
1618 2260 1673 2311 et
1719 2257 1853 2309 Aen.
1891 2256 2025 2316 vn,
2073 2261 2186 2311 714.
2222 2286 2280 2295 —
2322 2252 2451 2315 212.
2489 2253 2616 2315 213.
2669 2254 2806 2311 ..Re-

482 2323 840 2445 sgcitllnocnff
864 2324 1062 2379 Seneca
1096 2324 1453 2446 (188318ωεῖέὲ
1483 2324 1625 2446 liastd
1663 2321 1881 2443 —tm‘gJ
1916 2331 2133 2408 crqtes
2154 2328 2463 2406 saporam
2485 2339 2580 2392 pro
2614 2322 2810 2442 teggss

557 2432 583 2539 ..
631 2502 640 2512 .
680 2408 782 2519 Vll,
808 2407 934 2529 053¹?
961 2409 1031 2513 gil
1055 2409 1227 2540 ,Ἐοα
1265 2409 1317 2522 ἶ,
1350 2433 1476 2523 166}
1518 2408 1725 2513 fxciusst
1755 2409 2309 2580 fffflf‘ffodegsssse
2320 2406 2809 2512 {sssstff'foeigsg

479 2526 732 2595 legimus,
793 2528 926 2581 duce
989 2545 1182 2582 amisso
1243 2529 1460 2583 solvunt
1517 2527 1701 2589 fidem,
1796 2527 1984 2581 eficmn
2020 2534 2071 2580 .“
2134 2527 2307 2585 Herm.
2361 2557 2428 2566 —-
2489 2523 2617 2587 215.
2683 2525 2813 2578 Ille

482 2613 514 2648 o
573 2610 748 2647 erum
785 2602 1004 2649 custos
1040 2598 1140 2649 etc.
1179 2596 1259 2650 cf.
1299 2596 1430 2650 Xen.
1468 2595 1589 2650 Oec.
1632 2599 1679 2656 7,
1720 2598 1803 2649 33.
1843 2594 2049 2649 Aelian.
2086 2595 2159 2660 V,
2198 2594 2272 2649 11.
2311 2596 2365 2647 et
2402 2593 2543 2648 Plin.
2582 2593 2673 2651 xl.
2732 2597 2808 2654 Π.

482 2665 502 2714 1
547 2703 559 2715 .
587 2661 694 2715 iam
730 2678 764 2716 a
795 2661 967 2716 Cerda
1003 2663 1147 2717 laud.
1187 2695 1252 2704 —
1285 2662 1412 2724 216.
1453 2663 1574 2717 Vid.
1610 2663 1764 2716 Varr.
1797 2662 1900 2723 III,
1938 2665 2015 2724 16,
2054 2666 2101 2717 8.
2136 2663 2360 2717 Aristot.
2386 2661 2454 2716 H.
2492 2665 2557 2714 A.
2596 2661 2688 2716 IX.
2724 2665 2808 2714 40.

479 2760 544 2770 -
576 2725 703 2789 217.
763 2747 961 2800 saepe
995 2730 1321 2785 attollunt
1355 2731 1655 2785 humeris.
1724 2730 1806 2784 Of.
1845 2730 2069 2785 Aristot.
2126 2729 2243 2785 1.1.
2303 2734 2548 2798 Λέγεται
2604 2729 2665 2782 δὲ
2718 2732 2805 2781 καὶ

478 2799 752 2866 φέρεσθαι
794 2796 969 2852 αὐτὸν
1024 2798 1136 2852 ὑπὸ
1174 2803 1268 2851 τοῦ
1311 2800 1514 2870 ἑσμοῦ,
1566 2797 1706 2852 ὅταν
1759 2803 2032 2851 πέτεσθαι
2093 2798 2173 2870 μὴ
2208 2795 2465 2852 δύναται.
2504 2827 2571 2837 -
2626 2796 2808 2850 bello

480 2864 836 2932 obiectant,
871 2865 1036 2919 armis
1073 2865 1377 2926 hostilibus,
1416 2864 1663 2920 hostibus
1696 2865 2093 2934 ingruentibus.
2162 2864 2245 2919 cf.
2287 2880 2334 2918 v.
2373 2880 2419 2917 c.
2466 2863 2607 2917 Stat.
2644 2864 2806 2917 Theb.

477 2930 571 2992 IX,
606 2935 726 2986 490.
763 2933 901 3000 quid
924 2933 1118 3001 faciat
1151 2934 1307 2987 bellis
1345 2932 1586 2987 obsessus
1619 2941 1669 2987 et
1701 2933 1882 2999 τωιᾱίε,
1920 2932 1975 2986 h.
2016 2949 2064 2987 e.
2099 2932 2265 2986 armis
2302 2935 2359 2986 et
2390 2930 2651 2985 hostibus.
2711 2930 2808 2985 Sil.

478 2998 598 3060 VII,
658 3002 775 3053 472.
845 2999 962 3054 Sed
993 3001 1167 3054 victae
1191 3005 1332 3068 fera
1365 3000 1511 3055 bella
1544 3001 1702 3054 Deae
1735 3018 1924 3054 vexere
1958 3018 2061 3070 per
2096 3016 2320 3069 aeqtcor,
2376 2999 2411 3053 i.
2475 3015 2517 3052 e.
2575 3002 2809 3053 armatos

477 3065 694 3129 milites,
735 3070 836 3120 etc.
902 3096 965 3106 —-
1025 3068 1200 3122 Verba
1231 3069 1623 3139 pulchramque
1801 3076 1859 3120 nt
1906 3086 2015 3139 per
2046 3068 2274 3121 volnera
2325 3075 2551 3120 mortem
2583 3066 2809 3120 redeunt

420 3131 431 3143 “
475 3134 610 3188 Aen.
646 3132 739 3195 XI,
776 3136 891 3187 647.
929 3165 996 3175 —
1031 3134 1163 3189 Post
1194 3134 1336 3190 hunc
1371 3152 1583 3190 versum
1611 3134 1676 3189 Ri
1715 3136 1899 3189 beckio
1935 3152 1985 3189 v.
2026 3139 2306 3189 203--205,
2344 3134 2526 3204 aptius
2561 3133 2807 3187 collocari

474 3199 736 3255 videntur.
808 3201 892 3255 Cf.
931 3202 1139 3256 adnott.
1177 3203 1244 3256 ad
1298 3219 1348 3258 v.
1388 3207 1503 3258 203.
1541 3235 1604 3243 —
1661 3199 1978 3264 219—227.
2042 3203 2155 3266 „Ex
2213 3201 2669 3271 Pythagoreorum
2729 3201 2809 3255 di-

476 3266 716 3337 sciplina,
755 3284 914 3338 qnam
950 3269 1139 3325 deinde
1176 3270 1435 3324 Platonici
1471 3286 1534 3324 ac
1567 3270 1748 3331 Stoici,
1788 3287 2114 3350 quamquam
2149 3269 2371 3324 diversis
2410 3270 2604 3339 quique
2638 3269 2809 3323 modis

474 3341 910 3414 commentantes,
955 3337 1180 3406 amplexi
1215 3343 1359 3395 sunt.
1397 3339 1528 3392 haee
1562 3342 1689 3392 sunt
1719 3340 1893 3408 petita
1911 3337 1993 3418 'de
2027 3338 2206 3419 anima
2239 3336 2452 3418 mnndi,
2489 3336 2540 3391 h.
2581 3353 2625 3391 e.
2664 3337 2808 3405 prin-

474 3406 1718 3552 timet?’.tpffifffffflsstfflffsssstffitz
1758 3422 2017 3552 isssszffffi
2040 3405 2806 3552 stfflaefflssfsszssssisssssg

475 3536 610 3590 Cum
654 3541 835 3592 autem
879 3538 976 3593 illa
1010 3556 1158 3593 mens
1197 3541 1536 3594 subtilissiim
1573 3556 1635 3593 ac
1669 3540 1940 3610 purissimi
1977 3541 2209 3595 aetheris
2255 3542 2352 3594 aut
2384 3540 2527 3607 iguis
2560 3542 2805 3594 naturam

475 3603 674 3659 habere
713 3604 1045 3665 crederetur,
1106 3608 1326 3677 spiritus
1387 3624 1447 3662 ex
1512 3624 1575 3662 ea
1609 3612 1923 3662 emanantes
1959 3608 2298 3661 aetherios
2348 3608 2622 3660 haustas
2654 3606 2803 3661 dixit.

474 3671 624 3724 Idem
662 3672 918 3741 placitum
976 3676 1214 3742 exposuit
1277 3676 1404 3730 Aen.
1442 3675 1533 3735 VI.
1590 3680 1703 3729 724.
1743 3680 1888 3730 751.;
1950 3678 2005 3730 et
2058 3676 2346 3729 tenendum
2398 3674 2533 3728 illud
2589 3678 2808 3745 propter

476 3738 677 3792 multos
712 3740 845 3794 alios
881 3745 1156 3810 poetarum
1194 3743 1354 3796 locos.
1425 3742 1638 3797 Scilicet
1691 3759 1892 3812 magna
1939 3759 2064 3812 pars
2105 3743 2432 3813 poeticorum
2469 3741 2806 3812 philosophe-

474 3808 1303 3931 ffiztlllliltpuexlfimpedchleigffigst
1378 3811 1528 3889 etita,
1557 3826 2029 3931 hluomtlss2magna
2066 3810 2803 3938 ⁸¹¹{ffiffi'afissuwdamf3tqe

665 3918 674 3927 .
870 3894 958 3944 yn.
1093 3920 1104 3931 .
1253 3877 1701 3932 mehuac..
1875 3896 2068 3931 a.—
2204 3917 2254 3936 2.
2450 3893 2612 3932 aum
2764 3894 2807 3929 is

473 3939 715 4021 quidam·
745 3941 963 3997 adducti
1015 3949 1155 4003 sunt,
1222 3947 1286 3998 ut
1344 3894 1688 4014 opinarentuli·
1725 3951 1824 3999 ete.
1967 3946 2024 3999 is
2057 3946 2285 4011 siquis,
2342 3943 2395 3998 h.
2432 3894 2633 4000 epcum
2676 3945 2807 3999 haec

474 4024 518 4060 si
672 4011 799 4063 sint.
867 4010 945 4065 De
979 4013 1368 4066 constructione
1407 4013 1774 4067 Ablativorum
1811 4013 2196 4075 absolutorum,
2249 4015 2303 4065 in
2392 4028 2480 4075 ua,
2533 4015 2597 4066 ut
2657 4011 2708 4067 h.
2746 4012 2805 4069 l..

474 4090 536 4128 ve
606 4074 901 4155 Pronomen
936 4079 1019 4133 vel
1055 4080 1386 4134 Adiectivum
1422 4079 1695 4148 Participii
1732 4080 1909 4135 locum
1945 4082 2168 4141 obtinet,
2220 4081 2299 4134 ita
2327 4096 2366 4134 u
2427 4096 2530 4134 non
2568 4097 2702 4150 opus
2736 4081 2809 4133 sit

473 4141 544 4222 de
574 4142 746 4213 elhpsi
784 4146 933 4199 verbi
966 4148 1289 4202 substantivi
1324 4149 1576 4216 cogitare,
1635 4148 1703 4201 cf.
1745 4152 1960 4218 praeter
1996 4148 2161 4203 libros
2298 4148 2578 4202 mmaticos
2622 4148 2695 4201 im
2737 4149 2805 4201 ri-

472 4225 575 4288 mis
609 4210 779 4266 Kritz.
815 4212 884 4266 ad
918 4213 1047 4267 Sall.
1091 4216 1205 4270 Cat.
1250 4220 1333 4279 11,
1370 4220 1419 4270 4.
1456 4219 1512 4269 et
1545 4216 1662 4285 Ing.
1721 4220 1770 4271 4.
1832 4221 1880 4272 7.
1915 4232 2151 4286 quosque
2188 4215 2204 4269 i
2245 4215 2263 4268 i
2298 4215 2548 4269 laudatos
2582 4215 2701 4270 vide
2741 4215 2803 4275 ie,

511 4278 670 4356 mbns
706 4279 843 4334 adde
879 4280 1090 4335 Ruhnk.
1127 4284 1194 4336 ad
1229 4282 1397 4336 Rutil.
1433 4283 1506 4343 ΙΙ,
1550 4286 1627 4338 13.
1663 4300 1714 4352 p.
1756 4287 1869 4339 122.
1908 4284 2134 4338 eundem
2169 4281 2239 4338 ad
2272 4282 2462 4337 Vellei.
2498 4282 2573 4336 II.
2618 4287 2729 4336 106.
2757 4286 2804 4334 3.

534 4345 759 4401 'ttichen
797 4348 923 4402 Lex.
965 4348 1087 4404 Tac.
1123 4367 1173 4419 p.
1210 4354 1308 4405 340
1343 4368 1419 4420 sq.
1455 4350 1605 4406 alios.
1666 4384 1727 4391 —-
1786 4349 1918 4411 220.
1977 4353 2202 4406 Aristot.
2241 4352 2306 4406 de
2347 4368 2467 4420 gen.
2508 4350 2667 4405 anim.
2703 4350 2805 4412 ΙΙΙ,

477 4414 552 4463 1⁰·
617 4428 670 4471 (a
726 4414 900 4469 Cerda
955 4417 1122 4472 laud.»
1177 4418 1242 4471 de
1298 4418 1471 4487 vespis
1530 4422 1586 4473 et
1625 4419 1996 4474 crabronibus:
2065 4418 2128 4473 οὐ
2186 4422 2295 4487 γάρ
2365 4420 2586 4487 ἔχουσιν
2641 4417 2809 4471 οὐδὲν

473 4483 655 4539 θεῖον,
706 4480 897 4546 ὥσπερ
963 4485 1024 4537 τὸ
1066 4489 1224 4551 γένος
1266 4488 1707 4566 ιῶνμελιτιῶν.
1773 4518 1839 4526 --
1893 4496 2181 4558 partem
2214 4487 2492 4540 divinae
2525 4486 2805 4545 mentis,

472 4547 536 4596 ut
570 4560 655 4613 ap.
691 4548 816 4602 Hor.
854 4551 963 4604 Sat.
1005 4551 1079 4614 Π,
1115 4555 1171 4613 2,
1209 4555 1290 4606 79.
1333 4554 1555 4607 davimc
1578 4553 1923 4623 particulam
1957 4572 2150 4610 aurae.
2211 4585 2271 4596 -
2332 4550 2460 4613 221.
2521 4554 2625 4610 Pro
2657 4552 2807 4624 vulg.
