3616 5026
537 249 658 312 310
1235 245 1308 310 Ρ.
1355 241 1723 309 VERGILI
1764 242 2164 309 MARONIS

532 410 868 478 Auxilium
911 414 1091 478 venit
1132 432 1210 475 ac
1253 405 1563 472 membris
1606 409 1742 492 agit
1785 419 1932 475 atra
1971 431 2237 475 venena.
2771 422 2866 474 1³0

534 495 566 560 Ι
618 517 692 560 sa
730 498 960 581 ingens
1005 493 1200 560 arbos
1239 491 1603 577 faciemque
1648 492 1977 559 simillima
2019 492 2236 575 lam-03

599 591 641 659 t,
686 580 741 642 si
785 601 914 644 non
955 577 1151 643 alium
1194 573 1327 639 late
1370 576 1648 638 iactaret
1690 574 1979 659 odorem,

536 664 796 728 Laurus
838 671 1012 740 erat3
1058 656 1215 723 folia
1257 656 1433 723 haud
1474 655 1622 721 ullis
1668 655 1964 724 labentia
2005 660 2246 740 ventisg

536 743 691 811 Flos
735 744 821 809 ad
862 744 1075 829 prima
1117 753 1345 816 tenax;
1388 742 1644 805 animas
1685 753 1748 804 et
1791 742 2032 806 olentia
2074 742 2249 806 Medi

537 829 677 895 Ora
715 828 936 891 fovent
977 825 1087 891 illo
1132 837 1196 891 et
1239 826 1501 890 senibus
1543 822 1951 888 medicantur
1995 824 2261 888 anhelis,
2768 833 2864 884 135

702 908 833 974 Sed
867 932 1075 996 neque
1116 908 1458 975 Medorum
1503 906 1708 973 silvae
1755 906 2076 971 ditissima
2119 916 2313 986 terra,

536 994 672 1059 Nec
715 992 980 1079 pulcher
1027 992 1293 1078 Ganges
1340 1004 1533 1079 atque
1579 1014 1737 1057 auro
1781 989 2081 1055 turbidus
2124 989 2404 1054 Hermus

570 1276 720 1324 uem,
767 1263 833 1315 ut
866 1275 929 1314 ex
963 1259 1080 1327 ipso
1112 1255 1208 1309 ino
1244 1256 1361 1310 loco
1398 1256 1524 1309 Geo.
1562 1255 1671 1316 ΠΙ,
1732 1259 1850 1310 283.
1890 1273 1924 1309 a
1967 1256 2203 1312 librariis
2237 1256 2341 1310 huc
2376 1254 2726 1312 translatum.
2767 1255 2872 1307 iam

579 1328 764 1384 runck.
785 1332 841 1382 et
860 1327 1031 1395 Heyn.
1071 1323 1413 1378 damnarunt.
1459 1324 1607 1376 Voss,
1645 1339 1786 1384 vem,
1823 1324 2112 1380 Weichert.
2154 1325 2218 1378 de
2255 1341 2423 1378 verse.
2463 1322 2658 1377 iniuria
2691 1337 2874 1390 suspp.

531 1415 584 1468 p.
624 1400 706 1450 69.
744 1398 801 1449 et
834 1393 988 1448 Iahn.
1025 1395 1243 1446 strenue
1278 1391 1652 1454 defenderunt,
1691 1390 1820 1443 mihi
1857 1408 2093 1461 quoque,
2131 1399 2195 1445 ut
2231 1393 2296 1444 W
2405 1409 2495 1446 ero
2531 1394 2586 1445 et
2622 1390 2876 1444 recentis-

535 1463 686 1516 simis
725 1462 1041 1524 editoribus,
1078 1460 1340 1529 imprimis
1377 1463 1662 1529 propterea
1693 1457 1852 1512 valde
1889 1466 2173 1527 suspectus
2208 1459 2327 1513 vide
2356 1476 2438 1520 ur.
2479 1458 2615 1529 quod
2655 1458 2706 1511 in
2743 1456 2869 1510 Cod.

535 1530 678 1585 Med.
716 1546 820 1582 non
856 1530 912 1583 in
949 1531 1245 1583 ceterorum
1285 1544 1533 1582 versuum
1562 1526 1764 1593 ordine,
1801 1525 1895 1580 sed
1931 1527 1986 1579 in
2017 1528 2257 1592 margine
2290 1528 2539 1581 inferiore
2574 1525 2876 1616 adscriptus

534 1600 760 1667 apparet
799 1598 912 1658 (ubi
946 1597 1111 1652 etiam
1145 1596 1400 1650 Ribbeck.
1439 1596 1495 1648 in
1530 1594 1659 1649 edit.
1698 1609 1798 1648 sua
1838 1609 1962 1648 eum
1996 1594 2200 1663 posuit:
2266 1595 2335 1647 cf.
2380 1595 2498 1648 eius
2534 1595 2679 1648 Lect.
2715 1594 2744 1646 l
2762 1609 2871 1660 erg.

537 1682 590 1734 p.
621 1670 720 1728 43,
757 1664 827 1719 ad
863 1681 1021 1735 quam
1063 1680 1279 1745 causam
1317 1664 1483 1718 etiam
1521 1661 1921 1742 haec-accedit,
1969 1662 2108 1742 quod
2147 1660 2246 1741 boc
2280 1662 2679 1742 versu-adiecto
2713 1662 2876 1740 verba

534 1751 645 1812 ⁹¹⁴⁰
681 1739 1160 1855 Ἓῖαιᾞῖΐ
1168 1731 1365 1852 ἐιῗέθῗ
1392 1731 1817 1852 ἱεῐῑέέἔὲῗῖἔέῗ
1847 1740 2033 1851 m.
2049 1728 2609 1867 ωηρῗιῑὲῗῗὶῗιῦὲὲῗᾷ
2601 1729 2753 1849 ῈΠὲι
2766 1730 2878 1849 (2ῗῖ

535 1872 628 1923 ten
772 1867 997 1937 Vergilii
1032 1866 1289 1920 lectorem
1325 1866 1545 1920 minime
1580 1869 1763 1935 potest
1801 1865 2097 1920 offendere:
2135 1881 2242 1934 qua
2275 1864 2340 1918 de
2370 1880 2428 1917 re
2463 1865 2571 1918 iam
2607 1879 2768 1932 supra
2806 1862 2875 1916 ad

538 1935 652 1990 Ecl.
688 1936 753 1998 V,
791 1939 875 1988 37.
912 1934 1163 1989 diximus.
1214 1964 1280 1973 —
1336 1933 1591 1987 Ceterum
1628 1934 1694 1986 de
1732 1934 2067 2000 correptione
2102 1937 2148 1986 3.
2185 1932 2336 1985 Pers.
2374 1930 2528 1985 Plur.
2580 1930 2723 1985 Perf.
2780 1931 2878 1983 mi·

536 2000 787 2058 εωὸπιηι
830 2002 938 2058 vid.
975 2000 1182 2055 adnott.
1219 1999 1289 2054 ad
1324 2000 1440 2054 Ecl.
1476 2000 1577 2062 IV,
1618 2003 1698 2054 61.
1736 2032 1801 2040 -
1840 2002 2083 2052 herbas
2129 1999 2371 2069 intellige
2406 2003 2723 2057 venenatas,
2783 2014 2876 2051 no-

538 2070 665 2125 xias.
702 2100 769 2110 -—
801 2088 929 2125 non
964 2070 1247 2123 innoxia
1280 2070 1514 2130 verba,
1551 2068 1963 2122 incantationes
2035 2067 2154 2122 Vid.
2193 2067 2301 2120 Ecl.
2342 2067 2493 2126 VIII,
2532 2070 2612 2121 68.
2650 2097 2715 2106 -
2750 2064 2877 2125 130.

537 2139 836 2192 membris
868 2157 907 2192 a
960 2137 1036 2196 it,
1075 2153 1172 2205 pro
1207 2136 1382 2202 abigit
1412 2152 1474 2190 ex
1512 2136 1784 2196 membris,
1826 2135 2062 2205 expellit.
2135 2134 2220 2189 Cf.
2258 2137 2367 2188 not.
2404 2133 2476 2189 ad
2511 2134 2639 2191 Geo.
2671 2134 2715 2196 Ι,
2756 2137 2875 2188 413.

540 2206 633 2271 (II,
670 2208 810 2264 327.)
933 2247 945 2268 ‚
984 2209 1099 2259 203.
1138 2207 1193 2258 et
1226 2204 1409 2258 Burni.
1441 2204 1507 2257 ad
1532 2203 1797 2257 Sammon.
1837 2219 1881 2257 c.
1918 2207 1999 2257 46.
2020 2202 2214 2257 Wund.
2242 2202 2452 2257 confert
2476 2202 2704 2257 similem
2729 2201 2875 2256 verbi

538 2275 802 2341 fugiendi
835 2273 1305 2336 constructionem,
1345 2287 1392 2325 v,
1431 2288 1474 2325 c.
1505 2270 1632 2325 Hor.
1656 2269 1759 2326 od.
1795 2270 1867 2334 11,
1905 2275 1953 2334 2,
1995 2275 2072 2325 14.
2107 2271 2221 2324 πίει·
2252 2289 2421 2324 cama
2458 2271 2638 2325 morbi
2721 2269 2880 2338 ‘qen-lt

538 2342 703 2396 venis.
750 2371 817 2382 —
849 2349 1004 2396 atra
1034 2356 1298 2394 venena.
1370 2339 1451 2393 Cf.
1490 2338 1614 2393 GeO.
1651 2339 1705 2401 Ι,
1748 2341 1858 2393 129.
1908 2371 1974 2379 -—
2020 2338 2140 2399 131.
2187 2339 2444 2407 faciem
2503 2338 2657 2392 simi
2692 2338 2876 2403 lima,

540 2411 605 2463 ut
636 2410 768 2463 Aen.
806 2408 863 2471 Ι,
911 2411 1026 2463 589.
1067 2426 1131 2462 os
1168 2408 1526 2476 humerosque
1569 2409 1672 2459 cleo
1718 2407 1917 2460 similis
1959 2411 2015 2460 et
2050 2406 2321 2475 permulta
2356 2405 2478 2459 alia.
2550 2405 2632 2459 cf.
2669 2404 2876 2459 adnott.

540 2476 609 2533 ad
644 2475 757 2532 Ecl.
796 2477 851 2540 I,
889 2480 970 2531 54.
1007 2475 1117 2540 HI,
1158 2478 1271 2531 106.
1310 2474 1379 2530 al.
1451 2474 1682 2530 Ursinus
1727 2473 1909 2538 docet,
1955 2472 2097 2527 hunc
2141 2473 2313 2528 locum
2349 2489 2518 2543 paene
2553 2472 2620 2527 ad
2658 2472 2876 2528 verbum

542 2560 856 2600 conversum
891 2560 1007 2599 esse
1043 2561 1071 2599 e
1105 2544 1325 2599 Graecis
1353 2541 1620 2611 Theophr.
1660 2542 1752 2601 IV,
1793 2546 1844 2595 4.
1880 2572 1947 2582 —
1984 2540 2106 2602 132.
2144 2543 2198 2594 si
2231 2562 2340 2595 uon
2373 2570 2396 2582 -
2433 2571 2457 2583 ·
2493 2541 2783 2596 iactaret
2810 2568 2833 2580 ·
2861 2569 2880 2579 ·

540 2620 700 2667 erat.
768 2612 852 2667 Cf.
889 2627 953 2665 su
996 2627 1057 2665 ra
1091 2611 1160 2666 ad
1196 2627 1246 2667 v.
1284 2615 1364 2665 54.
1400 2642 1468 2651 —
1505 2608 1630 2670 133.
1668 2610 1981 2664 labentia.
2043 2609 2429 2689 Exspectamus
2466 2610 2751 2675 labascun-
2785 2606 2882 2661 sed

542 2696 577 2735 a
718 2679 793 2734 tis
836 2679 892 2733 in
967 2679 1287 2748 escriptione
1340 2695 1518 2732 rerum
1604 2693 1661 2731 ro
1706 2677 1899 2731 Verbis
1942 2677 2110 2731 finitis
2155 2676 2425 2732 interdum
2468 2675 2764 2746 Participia
2797 2674 2881 2729 vel

542 2748 590 2801 A
647 2747 822 2801 ectiva
856 2750 1146 2816 ponuntur.
1218 2746 1301 2800 Cf.
1341 2746 1487 2808 Geo,
1510 2744 1566 2800 Π
1600 2786 1612 2807 ,
1651 2749 1765 2799 505.
1802 2746 1937 2799 Aen.
1974 2745 2095 2807 VII,
2135 2749 2247 2799 787.
2288 2746 2344 2799 et
2367 2745 2561 2813 Wagn.
2594 2743 2694 2809 Qu.
2725 2743 2878 2813 Virg.

542 2814 745 2895 m!
792 2819 842 2895 ξ).
881 2846 947 2855 -
984 2812 1108 2875 184.
1147 2814 1332 2894 Flores
1370 2829 1477 2868 non
1511 2812 1669 2867 facile
1697 2813 1876 2892 citove
1911 2812 2182 2893 decidunt.
2223 2844 2288 2852 —
2331 2813 2420 2891 apl
2456 2812 2703 2883 prima,
2755 2812 2789 2865 i.
2828 2828 2880 2932 3.

543 2901 606 3004 ἔῖἷ
630 2899 888 3013 ἷιῖῗὶ,
922 2880 1560 3009 ffi5.?⁰3ss?3¹12·a.p1·33.}32
1624 2879 1887 3001 &big-5³
1923 2989 1936 3003 .
1971 2896 2276 3002 mehqi.
2296 2878 2847 3027 fflsskf‘c‘ssmffl‘m'}
2848 2920 2883 3000 ,i

543 3016 751 3071 confert
775 3016 972 3072 Herod.
994 3017 1087 3079 VI,
1129 3021 1205 3071 13.
1242 3018 1297 3075 ἐς
1336 3019 1404 3070 τὰ
1442 3020 1657 3084 πρῶτα.
1699 3047 1764 3056 -
1804 3014 1925 3077 135.
1965 3014 2196 3069 Parthos
2235 3030 2298 3079 (s,
2335 3018 2635 3084 antiqulore
2669 3030 2883 3068 nomme

542 3083 747 3145 Medos)
783 3084 867 3139 his
904 3085 1094 3156 pomis,
1172 3101 1362 3139 uorum
1398 3099 1571 3149 grana
1604 3082 1896 3138 esculentis
1930 3084 2210 3152 incoquere
2235 3083 2461 3147 soleant,
2489 3082 2883 3151 graveolentiae

545 3152 652 3206 oris
685 3151 901 3216 mederi,
941 3152 1112 3207 refert
1188 3152 1284 3205 lin.
1322 3152 1446 3215 XII,
1485 3157 1540 3213 3,
1581 3155 1627 3204 7.
1699 3151 1976 3205 olentia
2009 3167 2114 3204 non
2151 3152 2327 3204 minus
2360 3150 2428 3203 ad
2467 3151 2681 3204 animas
2718 3150 2883 3232 perti-

544 3235 687 3284 nere,
723 3236 886 3289 quam
922 3219 992 3274 ad
1032 3238 1152 3283 ora,
1185 3221 1240 3272 in
1263 3221 1513 3290 promptu
1536 3220 1634 3272 est.
1665 3250 1730 3258 —
1753 3222 2056 3287 „fovent,
2093 3218 2147 3273 h.
2173 3236 2215 3273 e.
2242 3222 2450 3280 curant,
2479 3223 2881 3284 θεραπευουσι,

545 3303 669 3342 eum
703 3303 823 3342 mox
861 3288 1232 3342 substituatur
1262 3289 1621 3341 medicantur.
1692 3286 1793 3340 Est
1839 3286 1981 3340 enim
2017 3301 2184 3355 genus
2220 3301 2377 3339 curae
2413 3284 2702 3339 calefacere
2715 3326 2727 3347 ,
2762 3285 2884 3338 refi-

545 3370 665 3409 cere
700 3355 906 3410 modico
942 3355 1142 3416 calore,
1195 3354 1336 3424 quod
1419 3372 1478 3408 ro
1520 3354 1596 3407 rie
1640 3355 1725 3407 est
1758 3357 1986 3419 fovere·
2042 3354 2168 3408 hinc
2201 3353 2368 3407 latius
2403 3353 2566 3407 etiam
2601 3351 2668 3406 de
2701 3351 2883 3407 aliis.“

547 3422 724 3492 Hoyn.
762 3423 847 3478 Cf.
885 3424 1028 3477 infra
1058 3423 1151 3486 IV,
1189 3425 1303 3476 230.
1341 3372 1416 3477 οξ
1435 3371 1644 3476 adnott.
1680 3420 1748 3475 ad
1787 3422 1920 3476 Aen.
1955 3395 2008 3481 I.
2048 3425 2162 3500 718.
2197 3424 2254 3475 et
2286 3420 2408 3482 XII,
2445 3423 2560 3500 5120.
2613 3451 2680 3459 —-
2729 3419 2882 3499 illo,

544 3506 649 3544 non
685 3490 831 3553 flore,
868 3490 961 3545 sed
997 3490 1156 3545 malo.
1196 3520 1263 3530 —
1297 3491 1564 3545 senibus
1595 3490 1883 3555 anhelis,
1921 3488 2210 3549 anhehtui‚
2248 3492 2459 3557 spmtm
2497 3487 2667 3550 foedo,
2705 3488 2881 3557 qualis

547 3573 733 3612 senum
768 3574 884 3613 esse
918 3558 1075 3613 solet.
1147 3558 1264 3612 Adi.
1302 3559 1530 3612 anhelus
1564 3556 1767 3623 legitur
1801 3557 1968 3611 etiam
2002 3557 2128 3612 Geo.
2165 3557 2208 3617 1,
2250 3558 2364 3609 250.
2392 3557 2522 3610 Aen.
2547 3554 2613 3616 V,
2653 3559 2765 3610 739.
2785 3555 2878 3619 VI,

545 3628 628 3679 48.
664 3624 799 3687 ΧΠ,
839 3630 951 3680 790.
990 3658 1057 3667 -—
1092 3627 1367 3680 naedicam'
1410 3641 1531 3679 cnm
1578 3625 1744 3678 tertio
1778 3624 1923 3679 Casu
1960 3625 2289 3679 construitur
2324 3624 2488 3678 etiam
2521 3621 2666 3693 apud
2703 3624 2880 3678 Set-en.

547 3692 811 3748 Sammon.
848 3692 1095 3755 XLVIII,
1132 3698 1250 3748 902.
1287 3693 1535 3746 &vernulis
1568 3693 1906 3746 medicantia
1929 3694 2209 3759 omnin-is,-
2244 3708 2364 3745 cum
2392 3694 2584 3760 quarto
2604 3692 2735 3745 Aen.
2758 3690 2880 3753 VII,

548 3762 665 3814 756.
734 3759 821 3814 cf.
863 3761 1116 3815 Ruddim.
1154 3762 1227 3815 ΙΙ.
1261 3778 1312 3830 p.
1356 3765 1466 3814 145.
1537 3762 1789 3814 Ceterum
1824 3760 2032 3821 Ameis,
2090 3760 2178 3830 qui
2212 3760 2267 3814 in
2304 3758 2480 3814 Iahnii
2516 3757 2649 3813 Nov.
2685 3758 2881 3813 Annal.

548 3826 714 3881 LXII.
752 3845 804 3898 p.
841 3833 925 3882 40.
964 3829 1142 3891 docet,
1201 3828 1479 3883 medicari
1514 3843 1620 3881 non
1693 3844 1873 3881 torsus
1919 3827 2059 3882 idem
2117 3844 2257 3890 esse,
2314 3826 2456 3897 quod
2497 3828 2725 3893 mederi,
2786 3827 2882 3882 sed

549 3898 763 3949 tantum
799 3911 958 3950 usum
992 3896 1391 3957 medicamenti,
1439 3911 1543 3949 non
1589 3911 1618 3949 e
1661 3898 1839 3949 ectum
1876 3895 1991 3949 eius
2043 3896 2300 3951 indicare.
2366 3911 2525 3964 seque
2571 3911 2631 3950 ex
2677 3893 2882 3949 medico

550 3961 815 4017 audivisse
850 3964 1149 4033 profitetur.
1192 3964 1397 4019 malum
1420 3962 1687 4017 Medicum
1730 3978 1852 4016 vere
1888 3978 1992 4016 non
2029 3979 2244 4033 prorsus
2280 3978 2549 4017 removere
2586 3962 2682 4017 illa
2718 3962 2879 4021 mala.

550 4029 643 4084 sed
670 4046 785 4085 esse
817 4031 974 4085 modo
1008 4048 1190 4086 eorum
1226 4031 1609 4089 levamentum,
1646 4031 1993 4085 medicantur
2028 4031 2280 4101 explicat:
2328 4047 2459 4100 „pro
2496 4030 2882 4085 medicamento

550 4098 743 4153 dant.“
786 4131 851 4139 —
886 4097 1187 4160 136-176.
1230 4099 1522 4168 „Sequitur
1547 4098 1806 4164 digressio
1831 4099 1888 4152 in
1914 4097 2129 4153 laudem
2152 4099 2360 4163 Italiae,
2435 4114 2626 4153 uacum
2652 4099 2719 4151 cf.
2740 4097 2879 4151 Plin.

549 4165 588 4219 l.
623 4169 756 4220 extr.
793 4165 1091 4235 mvn,
1134 4169 1212 4229 12,
1252 4171 1331 4220 77.
1368 4171 1425 4220 et
1458 4166 1560 4230 ΠΙ,
1603 4170 1652 4227 5,
1696 4166 1764 4233 6.]
1801 4166 2021 4238 Dionys.
2059 4167 2180 4221 Hal.
2218 4167 2271 4226 Ι.
2311 4170 2394 4221 36.
2480 4182 2600 4220 arro
2634 4165 2698 4220 R.
2737 4165 2797 4220 R.
2834 4166 2878 4228 Ι,

550 4236 640 4287 2.“
676 4233 741 4287 H
843 4274 857 4287 .
894 4233 1082 4306 Neque
1114 4233 1319 4295 Media,
1366 4250 1538 4303 neque
1573 4232 1730 4288 India
1763 4233 1902 4289 alise
1940 4251 2005 4289 ue
2041 4239 2215 4289 terrae
2248 4235 2317 4289 ob
2350 4233 2690 4289 fertilitatem
2727 4250 2881 4289 suam

553 4299 763 4356 celebra
883 4318 1006 4358 cum
1024 4302 1190 4358 Italis
1283 4305 1443 4355 esunt
1459 4300 1916 4370 comparari—1
1999 4344 2009 4356 .
2047 4304 2263 4357 silvae
2301 4302 2647 4356 ditissima
2682 4310 2877 4355 terra.

552 4367 703 4448 Voss.
724 4374 1001 4439 comparat
1024 4318 1323 4431 ManilffoV,
1361 4373 1475 4422 752.
1513 4370 1591 4423 Et
1610 4367 1800 4422 molles
1819 4370 2046 4429 Arabes.
2093 4371 2359 4425 silvarum
2383 4370 2527 4423 ditia
2563 4387 2751 4438 reyna.
2797 4368 2882 4423 cf.

555 4439 716 4513 01318111
750 4436 962 4493 Ιὼὶοῢῒ.
997 4438 1066 4493 διὰ
1103 4438 1214 4492 Ecl-
1250 4437 1324 4498 II.
1364 4440 1447 4491 20-
1509 4435 1651 4492 Olim
1693 4435 2130 4507 distinguebatur
2167 4438 2462 4492 Medorum
2492 4436 2682 4504 savae,
2722 4437 2881 4491 ditis·

551 4519 690 4556 ssma
729 4511 909 4574 term,-
946 4505 1133 4560 melior
1166 4505 1268 4559 loci
1303 4504 1676 4573 interpretatio
1707 4502 1946 4583 ,debetur
1966 4507 2194 4569 Reiskio,
2231 4522 2366 4576 quae
2392 4509 2456 4560 ut
2480 4506 2653 4574 magis
2677 4505 2729 4559 in
2757 4520 2880 4558 ocu-

554 4566 637 4621 los
673 4570 911 4631 caderet,
948 4573 1140 4641 Wagn.
1179 4577 1237 4652 et
1270 4572 1421 4652 Jahn.
1458 4574 1624 4652 verba
1664 4573 1840 4650 salvus
1881 4575 2156 4628 ditissima
2192 4574 2487 4629 Commatis
2524 4573 2874 4628 incluserunt.

554 4664 622 4677 -
656 4635 732 4692 Ut
766 4636 1050 4708 Ganqes,
1093 4641 1410 4695 notissimus
1443 4638 1629 4695 Indiae
1663 4639 1882 4706 finnus,
1942 4642 2032 4710 (de
2068 4658 2169 4712 quo
2203 4642 2273 4697 cf.
2307 4641 2490 4697 Strab.
2522 4641 2637 4696 XV.
2672 4658 2726 4711 p.
2761 4643 2879 4697 690.
