3616 5026
1410 217 1941 289 GEORGICON
1982 220 2144 286 LIB.
2187 221 2238 288 1.
2875 225 2992 288 211

651 381 821 445 Nam
862 385 1059 471 primi
1104 387 1323 451 cuneis
1370 386 1755 452 scindebant
1794 386 1996 453 fissile
2037 385 2286 472 lignum
2327 424 2411 433 —

654 463 824 531 Tum
863 469 1089 534 variae
1130 488 1366 534 venere
1407 482 1599 536 artes.
1684 470 1907 536 Labor
1951 475 2167 536 omnia
2208 473 2366 536 vicit
2902 485 2996 536 145

649 548 975 651 Inprobus
1022 561 1087 616 et
1131 551 1311 618 duris
1354 576 1638 639 urguens
1683 556 1751 618 in
1794 553 1990 619 rebus
2032 562 2304 640 egestas,

649 634 874 700 Prima
918 634 1118 702 Ceres
1161 636 1334 701 ferro
1381 636 1672 702 mortalis
1716 648 1971 702 vertere
2012 646 2255 702 terram

648 719 953 802 Instituit,
998 742 1143 784 cum
1182 721 1314 783 iam
1356 719 1627 805 glandes
1671 730 1865 804 atque
1908 720 2146 786 arbuta
2186 743 2413 787 sacrae

648 802 1031 869 Deficerent
1072 801 1276 867 silvae
1318 813 1382 868 et
1425 804 1669 868 victum
1710 803 1996 869 Dodona
2037 818 2322 890 negaret.

646 1070 941 1125 secundum
975 1071 1128 1128 Ovid
1154 1073 1282 1128 Met.
1320 1073 1470 1135 VIII,
1499 1074 1617 1125 244.
1661 1070 1889 1125 Daedali
1922 1087 2088 1140 nepos
2121 1072 2326 1126 invenit
2367 1072 2439 1126 ad
2478 1073 2780 1144 exemplum
2815 1076 2994 1144 spina·

646 1154 764 1192 rum
800 1139 1044 1207 piscium.
1085 1171 1150 1179 —
1190 1140 1318 1200 144.
1360 1140 1579 1193 Primi
1617 1139 1756 1193 enim
1794 1140 1851 1205 gi.
1890 1156 1933 1193 e.
1971 1141 2182 1194 omnino
2217 1139 2461 1195 homines
2495 1142 2992 1211 antiquissimorum

644 1210 965 1275 temporum,
1005 1208 1099 1278 qui
1132 1209 1369 1262 nondum
1410 1207 1597 1262 ferreis
1639 1208 2016 1261 instrumentis
2051 1208 2368 1271 utebantur,
2419 1212 2483 1261 ut
2530 1209 2695 1263 etiam
2733 1226 2829 1264 nos
2866 1211 2995 1264 dici·

645 1289 767 1328 mus
800 1276 895 1328 die
928 1284 1106 1329 ersten
1138 1276 1455 1342 Mense-hen,
1494 1275 1596 1328 nisi
1635 1275 1873 1344 praefers
1908 1275 2160 1344 Wagneri
2194 1275 2625 1345 explicationem:
2671 1316 2705 1343 „
2747 1279 2803 1332 ui
2874 1278 2995 1331 rimi

647 1342 965 1397 scindebant
999 1342 1226 1424 lignum,
1265 1344 1584 1398 scindebant
1618 1343 1860 1401 cuneis“)
1909 1342 2118 1412 lignum
2149 1342 2395 1412 fissile
2430 1343 2590 1414 <quod
2631 1295 2790 1400 facffie
2904 1346 2992 1400 de-

646 1409 828 1465 batur)
867 1426 972 1465 non
1010 1413 1115 1465 nisi
1152 1427 1440 1466 cuneorum
1475 1427 1573 1479 ope
1609 1410 1942 1464 scindebant.
2014 1411 2265 1466 Ceterum
2290 1411 2480 1480 Heyn„
2519 1411 2733 1466 Peerlk.
2770 1431 2825 1483 p.
2857 1417 2992 1473 125..

644 1476 858 1531 Ladew.
896 1482 954 1532 et
987 1479 1244 1534 Ribbeck.
1280 1480 1335 1533 in
1359 1478 1488 1533 Prol
1561 1520 1572 1532 .
1609 1496 1662 1547 p.
1691 1485 1774 1532 50.
1814 1478 1954 1532 hunc
1991 1494 2219 1540 versum,
2258 1495 2416 1548 quem
2454 1483 2638 1534 tamen
2677 1496 2783 1533 non
2817 1480 2989 1534 solum

644 1545 878 1599 omnium
916 1546 1115 1611 Codd„
1164 1546 1258 1602 sed
1306 1547 1471 1601 etiam
1489 1496 1675 1600 ffirvii
1721 1546 1789 1599 ad
1826 1545 1880 1600 h.
1916 1545 1955 1600 l.
2005 1549 2062 1600 et
2095 1545 2166 1600 ad
2196 1547 2326 1601 Aen.
2367 1546 2495 1611 Vll,
2534 1552 2652 1602 509.
2704 1563 2738 1602 a
2799 1564 2866 1602 ue
2900 1548 2991 1602 Se-

644 1628 805 1668 necae
839 1613 938 1682 Ep.
978 1620 1069 1679 90,
1107 1622 1153 1671 9.
1206 1615 1502 1669 auctoritas
1547 1618 1756 1675 tuetur,
1814 1629 1909 1683 pro
1956 1613 2129 1668 alieno
2166 1630 2200 1667 a
2244 1631 2300 1668 re
2350 1614 2720 1670 additamento
2808 1616 2989 1677 abent,

644 1696 749 1750 quo
783 1682 1176 1736 sententiarum
1209 1699 1377 1737 nexus
1411 1683 1840 1751 interrumpatur
1876 1682 1932 1736 et
1967 1681 2278 1751 languorem
2314 1682 2527 1745 trahat;
2566 1686 2622 1737 et
2653 1699 2781 1738 sane
2806 1684 2993 1752 negari

644 1748 855 1817 nequit,
910 1765 1035 1804 eum
1081 1751 1196 1804 sine
1243 1750 1354 1805 ullo
1399 1750 1595 1804 damno
1639 1749 1932 1803 desiderari
1978 1766 2157 1818 posse,
2210 1765 2382 1819 neque
2427 1751 2606 1804 minus
2650 1767 2836 1805 verum
2889 1756 2989 1813 est,

645 1815 785 1885 quod
821 1816 1079 1873 Ribbeck.
1116 1817 1358 1881 adnotat,
1398 1816 1662 1872 offendere
1696 1817 1850 1871 cunei
1884 1818 2465 1883 commemorationem,
2527 1820 2720 1888 „quasi
2762 1835 2822 1873 eo
2866 1825 2992 1889 post

643 1884 918 1939 inventam
954 1901 1157 1940 serram
1191 1886 1277 1941 uti
1311 1886 1597 1940 desiissent
1633 1884 1932 1948 homines“‚
1972 1887 2029 1938 et
2053 1886 2290 1954 potuisse
2327 1901 2447 1939 eum
2487 1902 2548 1940 ex
2583 1887 2712 1941 Aen.
2750 1886 2843 1951 VI,
2876 1891 2989 1941 181.

644 1953 826 2006 cunas
866 1960 918 2006 ct
947 1955 1129 2022 fissile
1164 1956 1338 2008 robur
1379 1954 1668 2007 Scinditur
1715 1956 1771 2007 et
1811 1952 1914 2010 XI.
1963 1956 2076 2005 137.
2135 1953 2368 2008 Robora
2400 1971 2497 2007 nee
2537 1955 2723 2008 cuneis
2751 1984 2773 1996 ·
2801 1983 2824 1995 -
2846 1955 2991 2009 sciu-

642 2020 770 2073 dcre
788 2052 809 2062 -
836 2048 861 2061 ·
883 2030 1096 2075 cessant
1143 2022 1523 2083 consarcinati,
1573 2020 1714 2089 quod
1749 2019 1957 2075 Peerlk.
1996 2023 2052 2074 et
2083 2020 2292 2076 Ladew.
2340 2023 2586 2083 censent;
2630 2023 2870 2076 omnium
2905 2030 2990 2076 ta·

642 2103 763 2142 men
816 2088 981 2142 Codd.
1035 2092 1093 2144 et
1125 2088 1181 2142 h.
1215 2090 1251 2145 1.
1292 2093 1349 2144 et
1382 2088 1525 2159 apud
1563 2088 1818 2142 Senecam
1852 2104 2167 2142 consensum
2202 2104 2236 2143 a
2279 2087 2510 2157 simplici
2555 2090 2861 2144 assensione
2905 2107 2991 2144 me

642 2153 887 2209 cohibere
944 2158 1137 2211 fawor.
1185 2187 1252 2196 -
1318 2155 1443 2219 145.
1499 2173 1743 2210 venere.
1807 2155 1930 2210 Vid.
1978 2171 2142 2224 supra
2190 2155 2259 2209 ad
2311 2172 2357 2209 v.
2397 2161 2481 2209 54.
2537 2189 2602 2196 —
2663 2158 2840 2212 vicit.
2902 2158 2991 2211 lta

642 2221 862 2342 glurimi
898 2226 956 2278 et
987 2225 1177 2294 optimi
1201 2224 1390 2287 codd„
1432 2240 1566 2294 quos
1605 2240 1786 2278 omnes
1826 2224 1935 2277 fere
1966 2223 2196 2277 editores
2232 2228 2546 2293 sequuntur.
2618 2224 2769 2279 Voss.
2807 2230 2988 2279 tamen

679 2289 886 2345 efendit
919 2291 1150 2347 alteram
1188 2293 1475 2347 lectionem
1508 2293 1701 2359 vincit,
1745 2296 1808 2344 ut
1845 2306 2177 2345 communem
2213 2290 2300 2345 bic
2332 2290 2628 2346 habeamus
2663 2293 2986 2346 sententiam

641 2358 711 2412 ad
747 2358 926 2413 omnia
962 2364 1074 2413 tem
1114 2377 1207 2414 ora
1238 2360 1618 2431 pertinentem.
1656 2388 1721 2396 —
1780 2357 1901 2417 146.
1948 2360 2140 2413 labor
2176 2359 2524 2430 inprobus,
2560 2361 2831 2429 pervicax,
2868 2377 2988 2429 per-

642 2430 812 2487 stans.
854 2429 945 2496 qui
981 2445 1015 2480 n
1226 2428 1530 2482 molestiam
1568 2427 1734 2494 fugit,
1787 2426 1940 2480 nulla
1982 2442 2238 2481 aerumna
2282 2428 2534 2481 vincitur.
2605 2428 2691 2482 Cf.
2735 2445 2900 2497 supra
2936 2446 2986 2481 v.

647 2498 759 2548 119.
794 2494 975 2565 ibique
1010 2494 1215 2551 adnott.
1288 2496 1539 2551 Ceterum
1574 2494 1716 2549 hunc
1753 2510 1985 2560 versum,
2027 2494 2120 2564 qui
2156 2494 2209 2549 in
2282 2495 2512 2550 roverbii
2548 2496 2986 2552 consuetudinem

640 2562 804 2622 venit,
846 2564 980 2617 satis
1027 2563 1329 2618 illustravit
1360 2564 1567 2618 Erasm.
1600 2564 1773 2632 Adag.
1812 2564 1865 2626 1,
1903 2568 1959 2622 5,
2002 2567 2084 2616 22.
2122 2568 2176 2618 et
2269 2604 2282 2626 ,
2324 2569 2372 2625 2,
2410 2568 2495 2617 53.
2534 2595 2601 2604 -
2638 2567 2829 2619 duris
2879 2585 2986 2619 m·-

638 2648 842 2699 9uene
875 2633 941 2685 in
978 2633 1180 2686 rebus
1213 2640 1481 2700 caenas.
1546 2631 1627 2685 Cf.
1666 2631 1883 2685 Theocr.
1920 2630 2066 2692 XXI,
2110 2635 2152 2685 1.
2191 2632 2225 2683 ἁ
2266 2636 2453 2694 πενία,
2489 2631 2798 2702 Διόφαντε,
2835 2633 2987 2703 μόνα

644 2701 742 2760 τὰς
782 2705 985 2768 τέχνας
1019 2700 1235 2767 ἐγείρει,
1310 2716 1433 2753 uem
1467 2699 1673 2754 IacobS.
1711 2698 1904 2753 laudat
1936 2699 2005 2753 ad
2040 2715 2089 2752 v.
2131 2703 2238 2752 133.
2290 2698 2395 2753 Sed
2432 2714 2499 2753 ne
2536 2715 2583 2754 v.
2630 2703 2744 2754 145.
2781 2701 2983 2762 eadem,

641 2781 799 2887 ἓξ.
815 2781 1078 2888 ‘mimda
1105 2769 1976 2904 ¹³3.....⁰‘2‡..¹;⁰⁶{ssap}?{⁶ffi{?
2011 2765 2987 2904 ssffl‘ffssffli'ssnfflsszfflmiruffififfii‘?

642 2901 917 2969 superiora
953 2907 1139 2956 autem
1176 2903 1444 2957 strictiore
1492 2917 1652 2956 sensu
1697 2902 1954 2972 capienda
2000 2907 2054 2955 et
2098 2902 2167 2956 ad
2214 2901 2579 2972 agriculturae
2627 2902 2986 2957 inventionem

641 2969 922 3023 referenda
955 2986 1088 3025 esse.
1158 2969 1412 3025 Ceterum
1448 2970 1645 3023 mirum
1683 2972 1793 3026 est.
1839 2968 1967 3023 Cod.
2005 2969 2144 3023 Med.
2181 2970 2235 3023 in
2273 2971 2546 3037 Georgicis
2583 2970 2757 3023 ubivis
2798 2972 2987 3024 offerre

640 3037 871 3091 formam
906 3054 1118 3106 ωροτε,
1157 3039 1214 3091 in
1236 3037 1472 3092 Aeneide
1508 3043 1692 3091 autem
1722 3038 1934 3107 saepius
1969 3036 2197 3092 alteram
2232 3055 2494 3106 torquere,-
2529 3036 2624 3091 sed
2648 3038 2812 3091 etiam
2837 3039 2892 3091 in
2921 3038 2986 3090 il-

641 3104 710 3157 lis
743 3104 900 3158 libris
935 3104 1067 3159 Cod.
1108 3105 1261 3160 Rom.
1299 3105 1569 3160 interdum
1602 3105 1826 3174 praebet
1861 3105 2088 3159 formam
2121 3123 2371 3172 urguere,
2412 3108 2477 3159 ut
2514 3104 2607 3168 IV,
2637 3109 2784 3169 290.;
2822 3118 2986 3176 quare

641 3187 740 3226 nos
785 3188 904 3226 eam
946 3173 1123 3227 ubivis
1168 3173 1407 3242 Vergilio
1453 3172 1857 3226 vindicavimus.
1928 3173 2011 3225 Cf.
2054 3173 2262 3227 Harles.
2297 3173 2367 3227 ad
2405 3172 2604 3227 Cellar.
2643 3171 2893 3243 Orthogr.
2932 3190 2982 3242 p.

641 3243 761 3293 387.
812 3240 865 3292 vi
897 3239 909 3251 ’
980 3256 1046 3296 ue
1082 3240 1254 3295 doctis
1288 3243 1360 3295 ab
1405 3258 1466 3294 eo
1508 3240 1746 3295 laudatis
1789 3239 1926 3294 adde
1964 3240 2202 3295 Oudend.
2240 3241 2307 3294 ad
2344 3240 2542 3294 Lucan.
2579 3240 2635 3300 Ι,
2677 3244 2789 3293 147.
2850 3241 2985 3294 Dra-

640 3308 796 3361 kenb.
834 3305 903 3361 ad
987 3309 1052 3364 'v.
1088 3308 1183 3372 IX,
1221 3312 1304 3370 21,
1342 3312 1391 3362 4.
1426 3306 1672 3362 Schneid.
1710 3308 1779 3362 ad
1818 3308 1969 3362 Caes,
2012 3308 2071 3362 B.
2110 3307 2172 3362 G.
2210 3308 2280 3368 11,
2309 3311 2392 3368 25,
2427 3311 2470 3361 1.
2509 3311 2565 3362 et
2598 3307 2790 3376 Wagn.
2826 3307 2983 3363 Orth.

640 3374 801 3444 Verg.
843 3392 893 3444 p.
934 3379 1051 3431 478.
1087 3376 1339 3431 Ribbeck.
1376 3376 1549 3455 edidit
1580 3393 1792 3443 tar-qens.
1831 3407 1898 3416 —-
1940 3374 2060 3434 147.
2101 3376 2149 3428 A
2184 3375 2513 3460 digressione
2548 3376 2619 3429 ad
2693 3376 2984 3454 repositum

640 3459 980 3590 ἱῖᾚᾚ.
1025 3449 1186 3565 ἓξὲξ
1218 3446 1667 3567 stiffi&
1700 3443 2028 3590 {Zssssssessffa
2041 3443 2988 3578 5⁶?3”3?;m253⁸5.2⁸.03¹21,1311¹33.

639 3577 882 3633 hommes
923 3594 1000 3631 nn
1037 3578 1243 3634 elleret.
1312 3580 1494 3635 Nexus
1537 3583 1929 3657 sententiarum
1966 3577 2054 3631 hic
2092 3584 2200 3657 est:
2246 3580 2387 3633 Ante
2420 3579 2599 3657 lovem
2644 3577 2829 3631 nullus
2867 3586 2988 3632 erat

640 3662 897 3716 agrorum
1023 3650 1132 3710 tus,
1170 3664 1221 3700 v.
1250 3651 1382 3710 125..
1424 3648 1525 3701 sub
1559 3647 1701 3700 Iovis
1735 3651 1919 3700 autem
1954 3646 2172 3725 imper-10
2207 3647 2385 3700 variae
2413 3650 2560 3700 artes
2583 3651 2830 3700 inventae
2858 3649 2988 3699 sunt

641 3719 697 3768 et
722 3713 885 3769 Ceres
922 3715 1041 3784 agri
1076 3714 1285 3769 colendi
1322 3715 1583 3770 rationem
1621 3715 1860 3768 homines
1896 3712 2091 3767 docmt.
2131 3744 2195 3751 —
2235 3713 2494 3767 Cereris
2538 3713 2734 3767 merita
2768 3717 2985 3782 praeter

641 3780 841 3851 Orphei
888 3781 1149 3850 hymnum
1194 3783 1250 3837 in
1297 3782 1438 3838 hanc
1476 3783 1645 3837 Deam
1690 3781 2030 3836 concelebrat
2062 3781 2216 3836 ovid.
2251 3782 2381 3835 Met.
2423 3780 2494 3844 V,
2532 3784 2625 3834 341
2667 3797 2782 3850 sqq.
2834 3781 2984 3835 Fast.

640 3849 733 3912 IV,
772 3852 871 3904 395
907 3866 1024 3920 sqq.
1060 3850 1240 3905 Amor.
1276 3851 1379 3912 111,
1427 3855 1487 3904 10
1511 3867 1630 3929 sqq.
1669 3879 1735 3887 —
1753 3854 1982 3920 ferro,
2020 3866 2245 3904 vomere.
2283 3854 2477 3907 rastro,
2518 3848 2716 3917 ligone.
2749 3880 2815 3888 —
2857 3847 2984 3909 148.

642 3916 2355 4054 2323?.{“''2.⁸.3'21'23⁶2.‘¹222353522³³⁵312300ffafflffl⁰¹32233
2403 3915 2742 4038 {gimb-
2762 3916 2986 4038 ¹³:25}ss

639 4003 937 4175 affl.
902 4069 1098 4174 ΡῆΡΡ
1136 4054 1319 4176 ΡΡῙΡΡ..
1358 4027 1590 4176 ”w
1612 4053 1741 4174 :322
1769 4053 2196 4175 mmm..
2131 4025 2360 4173 ...ἐξ
2401 4052 2892 4174 aava&
2932 4069 2984 4159 Ρῑ

640 4188 753 4251 bet,
790 4166 975 4310 stiffi
1007 4138 1163 4258 βά
1183 4139 1380 4244 “uince
1397 4191 1491 4243 ad.
1561 4139 1939 4267 Rectius'qvero
1963 4188 2158 4242 Wund.
2194 4137 2397 4250 censet?
2429 4187 2832 4266 collocationem
2868 4203 2984 4240 ver-

642 4256 833 4310 borum
977 4272 1006 4309 c
1054 4257 1238 4312 iubere
1286 4258 1763 4312 constructionem:
1829 4274 1951 4309 eum
1998 4256 2225 4324 ylamles
2273 4263 2434 4324 atque
2480 4255 2677 4309 arbuta
2723 4254 2898 4308 ulvae
2936 4273 2982 4307 s.

642 4326 711 4377 do
782 4333 944 4379 erm.
969 4355 1037 4365 —-
1076 4325 1239 4379 Sibva
1268 4343 1469 4379 sacra
1506 4323 1623 4378 scil.
1666 4324 1796 4379 lovi.
1840 4339 1964 4378 cum
1990 4327 2055 4377 de
2080 4323 2199 4377 luco
2223 4323 2507 4376 Dodonaeo
2532 4322 2878 4391 cogitandum
2909 4322 2982 4375 sit

644 4399 661 4456 (
720 4434 733 4446 .
770 4407 935 4472 supra
966 4408 1017 4447 v.
1045 4395 1137 4452 8.).
1205 4392 1353 4447 Alibi
1386 4392 1571 4454 silvae,
1608 4395 1671 4447 ut
1705 4393 1869 4447 etiam
1906 4391 2152 4460 singulae
2185 4392 2419 4452 arbores,
2457 4406 2688 4459 quercus
2719 4389 2832 4444 Ecl.
2859 4389 2981 4454 VH,

650 4464 744 4522 13.,
772 4477 946 4530 pamas
983 4460 1113 4516 ibid.
1154 4476 1202 4515 v.
1229 4464 1331 4526 24..
1368 4463 1587 4531 propter
1609 4459 1856 4528 Dryadas
1889 4476 1979 4514 eas
2019 4459 2312 4513 incolentes
2343 4474 2542 4512 sacrae
2574 4457 2848 4512 dicuntur.
2898 4458 2979 4512 cf.

644 4526 854 4582 adnott.
889 4526 960 4582 ad
993 4527 1106 4584 Ecl.
1145 4528 1217 4592 V,
1260 4534 1341 4584 59.
1378 4559 1445 4569 —-
1479 4530 1734 4583 arbuta.
1796 4528 1919 4582 Vid.
1964 4526 2174 4582 adnott.
2223 4526 2292 4581 ad
2328 4525 2441 4580 Ecl.
2478 4525 2580 4588 111,
2617 4528 2702 4580 82.
2740 4559 2804 4567 —
2842 4526 2980 4579 Do-

643 4595 844 4663 dona,
886 4596 1092 4666 poetice
1125 4613 1222 4666 pro
1257 4597 1537 4667 quercetis.
1609 4595 1694 4651 cf.
1739 4611 1874 4667 quae
1914 4595 1985 4650 ad
2018 4594 2130 4650 Ecl
2162 4594 2262 4659 lx,
2307 4599 2386 4649 13.
2433 4599 2490 4649 et
2536 4609 2704 4663 supra
2742 4594 2811 4649 ad
2847 4609 2894 4648 v.
2932 4597 2978 4648 8.

2467 4682 2568 4732 14·
