3616 5026
603 194 723 258 422
1300 192 1373 256 Ρ.
1415 188 1784 266 VERGILI
1822 189 2220 259 MARONIS

602 355 886 421 Densior
926 355 1078 421 hinc
1120 356 1395 438 suboles,
1437 356 1588 422 hinc
1629 357 1799 443 largi
1841 357 2292 443 copia·lactis;

605 437 816 519 Quam
861 441 1069 525 magis
1114 440 1427 506 exhausto
1475 442 1874 525 spumaverit
1913 440 2112 506 ubere
2152 441 2447 524 mulctra,

602 521 809 587 Laeta
855 524 1065 608 magis
1111 525 1352 608 pressis
1393 522 1749 589 manabunt
1791 523 2063 589 flumina
2104 526 2419 590 mammis.
2821 536 2925 587 310

603 605 739 669 Nec
779 607 992 687 minus
1032 607 1280 671 interea
1322 605 1565 672 barbas
1603 608 1968 694 incanaque
2007 616 2226 672 menta

607 687 917 774 Cinyphii
960 689 1229 754 tondent
1268 689 1436 755 hirci
1479 698 1821 775 saetasque
1865 692 2179 756 comantis

603 769 808 835 Usum
849 773 917 835 in
958 783 1320 838 castrorum
1365 782 1428 838 et
1471 774 1726 837 miseris
1767 773 2093 839 velamina
2129 774 2363 838 nautis.

606 1018 749 1074 haud
778 1035 898 1099 rarp
933 1036 967 1074 a
1001 1020 1171 1088 poetis
1205 1021 1447 1089 ponitur,
1493 1021 1584 1074 ubi
1627 1020 1694 1075 de
1728 1036 1970 1090 purpura
2003 1023 2058 1074 et
2100 1036 2363 1142 {zurpureo
2398 1019 2572 1074 colore
2605 1037 2779 1100 sermo
2815 1024 2928 1083 est;

601 1086 742 1208 guod
781 1089 915 1141 satis
950 1092 1156 1141 notum.
1228 1088 1310 1142 cf.
1347 1104 1395 1142 v.
1433 1105 1478 1142 c.
1519 1104 1582 1142 su
1621 1104 1681 1142 ra
1723 1104 1774 1140 v.
1818 1091 1896 1141 17.
1942 1087 2073 1142 Hor.
2193 1129 2204 1141 .
2239 1088 2284 1150 Ι,
2321 1092 2371 1151 6,
2416 1090 2491 1142 18.
2532 1088 2645 1146 (ubi
2678 1088 2782 1142 vid.
2820 1089 2928 1144 Ob-

639 1159 742 1208 arA
778 1153 930 1209 Ovid.
969 1157 1031 1209 A.
1068 1156 1127 1207 A.
1169 1154 1268 1218 111,
1312 1159 1422 1209 170.
1463 1154 1532 1210 id.
1628 1158 1699 1209 et.
1735 1155 1830 1215 VI,
1868 1159 1985 1209 222.
2025 1155 2126 1209 Tib
2212 1198 2221 1209 .
2258 1156 2304 1217 I,
2345 1160 2390 1218 1,
2428 1159 2508 1210 63.
2542 1155 2615 1209 id.
2649 1156 2694 1215 Ι,
2739 1160 2816 1218 10,
2848 1161 2926 1209 70.

602 1221 787 1276 Claud.
829 1222 974 1282 XXI.
1013 1226 1090 1276 79.
1131 1225 1229 1275 etc.
1302 1223 1382 1276 Cf.
1420 1223 1583 1277 etiam
1621 1222 1832 1277 adnott.
1869 1222 1937 1277 ad
1966 1223 2079 1276 Ecl.
2114 1223 2209 1284 IV,
2246 1227 2327 1277 44.
2364 1226 2422 1277 et
2454 1223 2577 1277 Geo,
2615 1221 2688 1283 11,
2725 1227 2838 1276 506.
2892 1256 2929 1262 -

601 1288 730 1350 808.
767 1290 941 1344 Hevn.
979 1290 1205 1343 conferri
1238 1289 1392 1344 iubet
1424 1291 1653 1359 Geopon.
1692 1290 1893 1352 XVHI,
1935 1297 1982 1343 9.
2021 1295 2077 1344 et
2109 1290 2316 1344 Colum.
2352 1290 2472 1353 vn,
2498 1293 2547 1352 6,
2576 1295 2622 1344 7.
2646 1319 2713 1328 -
2734 1290 2929 1356 Hinc,

601 1373 660 1412 ex
695 1374 770 1411 eo.
833 1346 918 1411 Cf.
953 1356 1161 1411 adnott.
1200 1357 1268 1410 ad
1303 1359 1432 1412 Aen.
1461 1358 1534 1418 ΙΙ,
1560 1362 1640 1411 97.
1679 1389 1743 1398 -
1779 1355 1910 1418 309.
1950 1357 2148 1420 Quam
2181 1359 2392 1424 maqis
2424 1387 2483 1397 -
2526 1360 2681 1418 (tam)
2705 1359 2927 1425 maqis,

600 1426 635 1479 i.
675 1441 717 1479 e.
793 1440 862 1479 uo
898 1425 1073 1492 magis
1113 1453 1175 1463 -—-
1213 1441 1273 1478 eo
1309 1426 1508 1490 magis,
1561 1429 1623 1479 ut
1668 1426 1833 1479 etiam
1863 1427 1994 1478 Aen.
2032 1425 2152 1486 VII,
2191 1427 2306 1478 788.
2344 1425 2496 1479 Rom.
2534 1425 2727 1495 aliique
2764 1424 2928 1478 Codd.

598 1493 678 1557 (et
711 1492 778 1547 Sc
815 1492 884 1546 ol.
920 1493 1109 1546 Bern.:
1173 1493 1241 1544 cf.
1277 1491 1532 1546 Ribbeck.
1570 1492 1782 1560 Proleg.
1832 1509 1884 1561 p.
1926 1496 2062 1552 197.)
2122 1491 2239 1553 Quo
2279 1493 2457 1560 maqis
2502 1509 2563 1547 ex
2610 1493 2931 1561 interpreta-

600 1563 796 1614 mento.
868 1559 953 1612 Sic
994 1578 1159 1628 quam
1202 1560 1378 1627 mamis
1424 1591 1491 1600 —
1536 1567 1649 1613 tam
1682 1560 1860 1629 mayis
1891 1560 2055 1613 etiam
2096 1575 2178 1629 ap.
2217 1558 2400 1614 Plaut.
2440 1559 2632 1614 Bacch.
2668 1560 2733 1624 V,
2776 1565 2819 1620 1,
2861 1565 2927 1622 5..

598 1645 761 1698 quam
797 1628 973 1694 mayis
1009 1658 1069 1665 -
1109 1635 1219 1680 tant
1255 1628 1471 1693 (omisso
1509 1626 1681 1681 altero
1726 1647 1744 1680 r
1854 1626 1921 1682 is)
1966 1642 2051 1695 ap.
2088 1625 2244 1681 eund.
2283 1626 2434 1680 Asin.
2470 1627 2515 1688 I,
2552 1631 2601 1691 3,
2643 1630 2721 1690 6.,
2769 1645 2931 1697 quam

597 1697 771 1774 ’νεαρῷ
806 1724 873 1733 -
908 1703 1058 1748 tanto
1100 1695 1276 1773 magis
1310 1712 1397 1764 ap.
1435 1694 1594 1749 eund.
1632 1695 1773 1750 Men.
1843 1734 1856 1757 ,
1899 1696 1944 1752 1.
1986 1698 2067 1774 1⁶9.
2104 1697 2161 1774 et
2202 1693 2361 1774 Ifucr.
2395 1693 2498 1773 'VL
2535 1698 2683 1757 459„
2838 1703 2931 1748 nto

598 1780 798 1910 3313..
807 1770 1020 1884 ῖῃέὲἔ
1048 1762 1572 1909 ἓέῃξῃέῑξέῗὲὲ.
1592 1764 1660 1883 Y(
1694 1761 1959 1883 {fffiff'
2002 1778 2078 1814 ¹¹¹¹
2115 1778 2270 1910 Ἣ
2300 1760 2929 1909 711θῖ128ῗῶᾑρφᾶ

599 1905 694 1950 ast:
724 1905 870 1964 emit,
935 1899 1227 1962 ,olom-nom.
1263 1896 1337 1950 id.
1374 1897 1569 1958 XXVI,
1608 1901 1691 1958 31,
1728 1900 1798 1958 2.,
1835 1899 1937 1950 secl
1967 1914 2078 1950 non
2109 1898 2248 1965 qutd
2280 1913 2381 1960 eqo
2449 1913 2645 1950 ecci-tm
2724 1915 2781 1949 tn
2816 1900 2929 1950 cles-

599 1965 942 2035 quisitionem
977 1965 1148 2031 venit,
1222 1982 1352 2017 uam
1384 1967 1524 2033 qnid
1557 1964 1653 2017 isti
1686 1964 1813 2035 pati
1843 1964 2128 2017 debuerint
2160 1966 2260 2017 etc.
2297 1963 2347 2017 D
2446 1964 2566 2017 enb.
2602 1937 2671 2017 811
2706 1963 2821 2017 Liv.
2856 1963 2929 2027 11,

602 2036 685 2095 56,
727 2037 777 2086 9.
819 2032 1035 2086 Cortius
1072 2031 1141 2085 ad
1176 1983 1307 2085 ἕ811.
1343 2032 1466 2101 lug.
1507 2034 1622 2091 100,
1659 2036 1709 2085 4.
1749 2035 1805 2085 et
1841 2031 2069 2085 Beneck.
2106 2030 2173 2084 ad
2210 2030 2402 2084 lustin.
2436 2030 2557 2094 XII,
2595 2034 2644 2094 8,
2684 2034 2788 2094 14.,
2849 2048 2929 2084 re—

602 2100 757 2162 stim,
832 2116 958 2154 uam
986 2100 1164 2156 ceteri.
1206 2099 1270 2153 de
1295 2099 1395 2154 hac
1420 2116 1477 2153 re
1502 2099 1783 2153 dissei-ene.
1811 2130 1876 2138 —-
1902 2098 2084 2153 Verba
2118 2098 2523 2169 spumaverit
2554 2101 2748 2152 ubere
2778 2098 2930 2151 mul-

600 2174 746 2221 ctra
912 2184 1032 2221 urn-
1073 2167 1139 2227 V,
1179 2171 1263 2221 33.
1299 2168 1376 2220 sic
1409 2167 1682 2221 imitatur:
1745 2167 1972 2219 amidis
2009 2173 2253 2237 spument
2286 2166 2387 2219 tibi
2415 2164 2651 2219 nuclea-a
2670 2166 2924 2236 papillis.

614 2266 666 2276 -
700 2233 825 2295 310.
891 2242 1040 2288 aeta
1084 2235 1398 2302 flumina,
1447 2235 1481 2286 i.
1529 2252 1572 2288 e.
1609 2234 1765 2302 larga
1799 2233 1953 2303 copia
1986 2233 2162 2288 lactiS.
2231 2234 2310 2287 De
2345 2233 2582 2301 epitheto
2616 2234 2791 2287 laetus
2823 2233 2928 2287 vid.

600 2301 743 2355 infra
777 2300 847 2356 ad
881 2318 930 2356 v.
968 2305 1111 2363 320.;
1161 2301 1425 2369 flumen
1467 2305 1646 2356 autem
1691 2302 1866 2371 poEtis
1900 2319 1996 2371 pro
2029 2317 2228 2367 magna
2259 2317 2435 2355 rerum
2470 2300 2810 2355 humidam-um
2845 2317 2930 2353 co-

636 2368 693 2423 ia
725 2368 849 2430 dici,
882 2385 968 2422 res
1003 2369 1302 2424 notissima.
1372 2369 1459 2423 Ita
1494 2371 1620 2423 Aen.
1657 2369 1701 2430 Ι,
1733 2373 1852 2423 469.
1880 2372 2096 2436 laryvzm
2119 2368 2503 2434 (lacrimarum)
2522 2368 2740 2436 flumen.
2770 2369 2925 2422 Lucr.

660 2475 673 2494 ,
710 2438 826 2490 354.
858 2437 1143 2504 sanguinis
1174 2437 1418 2490 calidum
1443 2437 1665 2504 flumen.
1736 2437 1820 2489 Cf.
1858 2436 1990 2491 ibid.
2030 2436 2123 2503 IV,
2158 2439 2302 2489 1029.
2338 2438 2394 2488 et
2427 2435 2520 2489 alii
2552 2435 2675 2490 loci.
2745 2435 2928 2504 Neque

600 2503 761 2559 aliter
793 2503 978 2558 Burni.
1016 2503 1427 2585 intelligendum
1462 2507 1644 2559 censet
1679 2503 1833 2559 Ovid.
1869 2503 1998 2558 Met.
2039 2504 2083 2563 I.
2127 2507 2239 2558 111.
2296 2503 2559 2557 Flumina
2606 2504 2721 2557 iam
2754 2504 2929 2571 lactis,

601 2573 712 2625 iam
738 2572 978 2640 flumina
1009 2581 1247 2625 nectam
1281 2573 1456 2639 ibant,
1502 2588 1638 2640 quae
1672 2573 1839 2626 verba
1869 2571 2121 2626 Lactant.
2156 2572 2221 2635 V,
2252 2575 2303 2624 5.
2338 2570 2476 2625 falso
2511 2572 2576 2625 de
2610 2572 2738 2625 rivis
2772 2571 2928 2625 lactis

601 2643 658 2693 et
690 2640 799 2693 vini
832 2639 1136 2708 intelligere
1170 2639 1432 2693 videatur.
1502 2639 1663 2693 Multi
1700 2639 1916 2710 quidem
1951 2639 2120 2693 Codd.
2161 2639 2321 2695 (inter
2356 2655 2488 2708 quos
2519 2639 2635 2693 Pal.
2673 2641 2730 2693 et
2754 2638 2925 2701 Rom.)

600 2709 657 2761 et
689 2705 894 2760 Nonius
969 2749 981 2760 .
1017 2712 1132 2771 341,
1171 2710 1219 2760 3.
1260 2707 1520 2776 praebent
1563 2710 1860 2761 maambmzt
1895 2708 2067 2761 ubera
2114 2707 2382 2769 mammis,
2431 2722 2592 2776 quam
2643 2706 2926 2761 lectionem

602 2774 765 2829 etiam
809 2789 843 2825 a
876 2772 922 2828 P
964 2775 976 2786 “
1037 2791 1115 2840 rg.
1160 2790 1268 2827 una
1312 2790 1433 2827 cum
1482 2775 1658 2828 altera
1708 2779 2179 2829 commemoratam
2225 2773 2466 2829 Oudend.
2510 2773 2578 2827 ad
2620 2774 2818 2829 Lucan.
2854 2774 2925 2835 ΙΙ,

599 2845 715 2896 497.
750 2841 948 2909 aliique
982 2843 1305 2910 probarunt:
1343 2841 1436 2895 sed
1467 2858 1588 2896 cum
1622 2845 1785 2895 ubere
1819 2841 2106 2912 praecedat
2138 2858 2187 2895 v.
2216 2845 2349 2904 309„
2384 2841 2560 2896 altera
2589 2841 2750 2896 lectio
2785 2840 2925 2895 baud

602 2909 763 2964 dubie
835 2909 1162 2973 raeserenda‚
1201 2910 1303 2963 etsi
1327 2925 1423 2979 per
1456 2925 1513 2963 se
1542 2925 1646 2970 ‚vox
1679 2911 1812 2962 uber
1845 2925 1968 2964 cum
2001 2909 2249 2963 mammis
2278 2909 2463 2964 iuncta
2495 2925 2600 2962 non
2633 2910 2811 2963 minus
2847 2925 2930 2963 re-

637 2976 798 3031 rehen
840 2976 978 3030 enda
1010 2979 1178 3037 esset,
1229 2992 1389 3045 quam
1422 2975 1599 3031 silvae
1630 2995 1931 3044 nemorum,
1966 2978 2217 3030 rivorum
2247 2993 2425 3046 aquae
2458 2978 2515 3030 et
2548 2976 2760 3031 similia.
2830 2974 2928 3030 Ce-

659 3061 779 3098 rum
834 3043 899 3097 de
941 3043 995 3098 h.
1030 3044 1069 3097 1.
1106 3044 1331 3099 Stieberi
1373 3044 1610 3098 Coniect.
1655 3048 1712 3098 et
1756 3045 2030 3113 opiniones
2076 3044 2131 3097 in
2165 3043 2449 3097 nonnullos
2481 3043 2544 3097 P.
2615 3043 2789 3099 Ovidii
2824 3046 2926 3098 etc.

601 3112 746 3166 locos
786 3111 1027 3180 (Erlang‘.
1060 3114 1227 3171 1786.)
1249 3129 1302 3180 p.
1324 3116 1392 3175 6.,
1430 3112 1657 3166 conferri
1692 3111 1843 3167 iubet
1876 3112 2029 3167 Iahn.
2069 3143 2135 3152 ——
2168 3112 2233 3164 V.
2272 3109 2566 3172 811-813.
2603 3111 2866 3166 fluxerunt-
2900 3127 2928 3164 e

601 3178 755 3233 Varr.
791 3179 854 3232 R.
897 3179 962 3231 R.
997 3179 1072 3241 Π,
1113 3183 1192 3242 11,
1237 3182 1317 3233 11.
1388 3180 1468 3234 Cf.
1515 3180 1765 3249 Calpurn.
1810 3180 1877 3241 V,
1916 3183 2006 3233 67.
2048 3182 2163 3241 68.;
2224 3178 2400 3231 locum
2453 3179 2716 3247 expressit
2763 3179 2926 3234 Silius

600 3246 700 3307 111,
739 3249 836 3300 274
872 3263 951 3325 sq.
987 3276 1054 3285 —
1096 3247 1339 3300 incana
1381 3256 1592 3300 menta
1623 3246 1852 3301 redeunt
1898 3248 2032 3300 Aen.
2068 3246 2161 3309 VI,
2201 3249 2318 3299 809.
2379 3276 2443 3284 -
2499 3248 2792 3307 tondent,
2853 3263 2925 3301 sc.

640 3318 870 3373 astores,
915 3314 1346 3383 impersonaliter
1387 3315 1622 3383 positum
1656 3322 1803 3379 (man
1830 3333 1874 3385 p
1946 3322 2005 3381 ‚qt
2037 3332 2103 3368 zu
2139 3314 2425 3367 scheerenl.
2494 3312 2577 3366 Cf.
2616 3314 2823 3367 adnott.
2860 3315 2931 3368 ad

653 3397 729 3435 eo.
766 3382 840 3443 ΙΙ,
883 3383 999 3434 282.
1036 3381 1304 3436 Schirach.
1339 3399 1389 3451 p.
1430 3385 1528 3436 615
1563 3399 1642 3451 sq.
1690 3382 1825 3436 ridic
1951 3384 2063 3436 fere
2101 3382 2305 3435 ratione
2340 3382 2559 3434 tondent
2591 3380 2927 3435 intransitive

602 3449 836 3518 positum
871 3447 1038 3502 habet
1070 3466 1166 3519 pro
1201 3449 1497 3519 deponunt,
1557 3451 1815 3519 praebent
1849 3450 1902 3503 in
1943 3466 2129 3511 usum;
2190 3447 2378 3509 Cei-da,
2436 3447 2668 3507 Ruaeus,
2726 3448 2926 3509 Burm..

601 3515 696 3571 alii
732 3518 950 3568 tondent
982 3533 1077 3586 pro
1112 3520 1405 3570 tondentur
1434 3519 1753 3596 usurpatum
1788 3521 2141 3575 censueruntz
2194 3516 2373 3570 Reisk.
2418 3530 2542 3569 vero
2579 3519 2676 3569 aut
2708 3519 2925 3570 tradent

601 3585 698 3637 aut
729 3582 918 3650 hirez's,
955 3588 1018 3636 ut
1052 3585 1068 3637 i
1108 3584 1151 3638 si
1178 3583 1438 3655 OEnmohii
1448 3585 1757 3639 Subiectum
1783 3586 1895 3638 sint
1920 3585 2235 3645 sententiae,
2263 3587 2360 3637 aut
2384 3582 2505 3637 deni
2541 3599 2609 3636 ue
2638 3582 2925 3664 Cinyphiis

600 3650 787 3712 hir-eth,
826 3653 887 3729 et
914 3601 1119 3705 Peerlii.
1156 3669 1209 3721 p.
1249 3655 1363 3705 255.
1394 3660 1602 3721 ponent
1636 3651 1990 3715 coniecerunt,
2029 3667 2211 3705 omnes
2249 3651 2455 3705 scilicet
2548 3650 2749 3721 ‘nyphit
2785 3650 2932 3705 hirci

602 3734 698 3787 pro
730 3717 1072 3771 Nominativo
1110 3718 1384 3773 habentes.
1456 3718 1649 3785 Quidni
1692 3736 1817 3773 vero
1862 3720 1935 3772 sit
1977 3717 2296 3773 Genitivus'?
2357 3734 2426 3772 an
2461 3733 2556 3787 pro
2594 3722 2679 3771 ter
2712 3718 2926 3784 barbas,

600 3793 803 3852 menta,
845 3794 1039 3864 petas
1084 3786 1234 3840 Plur.
1283 3802 1503 3841 numero
1554 3786 1807 3840 adiecta?
1876 3786 1980 3840 Sed
2037 3785 2157 3839 vide
2205 3786 2416 3839 adnott.
2461 3784 2530 3839 ad
2666 3825 2679 3837 .
2712 3785 2805 3843 IV,
2842 3790 2927 3838 40.

602 3852 852 3907 Omnium
888 3853 1104 3907 minime
1129 3853 1308 3922 placet
1324 3854 1532 3908 Peerlk.
1554 3854 1873 3917 coniectura,
1908 3869 2031 3907 cum
2055 3853 2280 3906 barbam
2343 3869 2518 3918 onere,
2544 3851 2801 3907 aliasnon
2825 3853 2927 3905 nisi

605 3919 669 3973 de
703 3919 1008 3974 hominibus
1044 3920 1273 3977 dictum.
1311 3922 1395 3975 vix
1431 3921 1485 3975 id
1524 3921 1823 3990 significare
1856 3921 2051 3991 possit,
2138 3920 2242 3974 uod
2349 3936 2377 3974 e
2416 3920 2561 3984 vult,
2628 3922 2684 3974 et
2726 3920 2929 3973 incana

601 3995 778 4040 menta
806 3996 1021 4057 ponunt
1057 4005 1178 4057 pro:
1241 3989 1380 4057 quod
1422 3990 1479 4042 in
1531 3989 1724 4044 mentis
1769 3989 2022 4042 incanum
2060 4004 2116 4041 es
2155 4027 2169 4048 ,
2227 3988 2359 4042 mire
2395 3986 2468 4041 sit
2501 4003 2822 4055 expressum.
2860 4018 2925 4026 —-

607 4052 924 4124 Cinyphii
962 4057 1154 4108 hirci.
1225 4056 1304 4109 De
1353 4056 1593 4128 Cinyphe
1625 4074 1666 4110 s.
1708 4055 1846 4125 Ciny
1885 4057 1982 4122 Ῐιο,
2033 4055 2232 4124 Libyae
2274 4055 2433 4109 fluvio
2468 4054 2525 4108 in
2560 4054 2771 4123 regione
2805 4055 2928 4123 Syr-

604 4121 712 4175 tica
746 4138 909 4179 (nunc
942 4122 1290 4193 Tripolitana)
1325 4124 1466 4178 inter
1498 4128 1781 4193 utramque
1855 4125 2003 4193 yrtin
2038 4123 2093 4177 in
2128 4138 2274 4178 mare
2311 4126 2556 4183 exeunte,
2605 4122 2696 4191 qui
2738 4123 2928 4177 etiam-

603 4204 732 4243 num
772 4188 966 4311 01νίἵο
1006 4208 1050 4244 ε.
1081 4190 1259 4258 Wady
1299 4192 1544 4251 Quanam
1580 4191 1793 4253 dicitur,
1824 4192 1903 4263 cf.
1934 4189 2131 4245 Herod.
2154 4190 2248 4255 IV,
2282 4193 2530 4245 175.198.
2551 4189 2727 4245 Strab.
2753 4189 2923 4245 XVII.

643 4299 654 4311 .
692 4260 810 4312 835.
906 4258 989 4311 ela
1021 4259 1065 4318 Ι,
1104 4263 1152 4311 7.
1187 4258 1325 4314 Ρ1111.
1363 4259 1427 4319 V,
1468 4265 1517 4320 4,
1552 4264 1603 4314 4.
1640 4259 1798 4313 Silius
1825 4260 1896 4323 Π,
1922 4262 2005 4313 60.
2032 4258 2130 4320 ΠΙ,
2152 4261 2268 4315 275.
2301 4261 2358 4314 et
2388 4258 2524 4312 liber
2556 4274 2706 4312 meus
2742 4274 2922 4327 geogr.

663 4366 675 4378 .
696 4341 751 4393 p.
782 4327 917 4385 835..
952 4325 1018 4378 de
1055 4325 1217 4380 hircis
1250 4332 1428 4381 autem
1466 4327 1823 4382 villosissimis
1861 4328 2002 4382 circa
2035 4342 2156 4381 eum
2190 4343 2388 4395 magna
2420 4341 2480 4380 co
2519 4325 2572 4379 ia
2608 4325 2673 4381 de
2714 4326 2924 4380 entibus

603 4391 708 4447 vid.
743 4393 1008 4461 imprimis
1038 4393 1325 4455 Martialis,
1364 4395 1456 4449 ubi
1482 4395 1603 4463 VII,
1628 4400 1712 4450 95.
1753 4394 1856 4448 Cin
1930 4395 2053 4447 hius
2083 4395 2313 4448 maritus
2380 4410 2439 4447 ro
2513 4394 2634 4457 ⁰100,
2844 4397 2927 4447 51.

607 4457 909 4540 sz'qyplgiws
940 4468 1128 4540 pousor
1163 4479 1255 4531 pro
1291 4461 1556 4517 hircorum
1593 4466 1822 4526 tonsore,
1860 4480 1888 4518 e
1945 4461 2088 4521 XIV,
2133 4465 2243 4516 140.
2368 4461 2609 4531 'nyphius
2642 4463 2794 4515 sinus
2828 4477 2923 4529 pro

639 4525 730 4577 ihs
767 4526 983 4580 hircinis
1022 4534 1517 4584 commemorantur.
1586 4532 1835 4585 Ceterum
1872 4531 1942 4584 cf.
1981 4529 2189 4585 adnott.
2228 4529 2299 4584 ad
2331 4545 2379 4583 v.
2416 4533 2531 4583 306.
2566 4531 2683 4584 345.
2716 4533 2833 4582 405.
2858 4560 2925 4569 -

643 4589 730 4650 18.
787 4593 872 4645 cf.
911 4594 1075 4661 Geop.
1113 4594 1310 4659 XVIII,
1348 4603 1400 4649 9.
1446 4597 1479 4664 ἡ
1523 4596 1584 4651 δὲ
1632 4599 1762 4669 θρὶξ
1803 4603 1919 4653 τῶν
1963 4601 2147 4666 αἰγῶν
2182 4595 2459 4667 ἀναγκαία
2496 4597 2645 4668 πρός
2679 4615 2739 4651 τε
2774 4599 2926 4666 σχοί-
