3616 5026
538 261 659 326 518
1240 257 1316 324 Ρ.
1367 244 1740 324 VERGILI
1777 247 2182 321 morus

537 425 672 491 Aut
711 447 932 492 acrem
971 424 1274 491 flammae
1317 422 1601 489 sonitum
1643 417 1831 484 dabit
1873 429 2068 506 atque
2106 421 2203 485 ita
2242 420 2483 488 vinclis·

537 506 838 592 Excidet,
884 517 996 574 aut
1035 509 1106 571 in
1146 526 1351 593 aquas
1392 513 1619 568 tenues
1663 500 1960 589 dilapsus
2005 501 2231 570 abibit.
2774 514 2874 564 410

539 590 670 657 Sed
710 601 952 680 quanto
994 587 1104 654 ille
1144 589 1355 673 magis
1392 586 1637 652 formas
1676 607 1747 650 se
1786 594 2001 651 vertet
2037 589 2108 651 in
2149 586 2381 668 omnis,

542 674 707 740 Tam
747 684 836 756 tu,
882 683 1051 755 nate,
1094 673 1305 756 magis
1350 668 1666 736 contende
1705 670 1967 735 tenacia
2008 668 2245 753 vincla,

538 758 768 823 Donec
809 756 959 822 talis
1003 755 1128 820 erit
1166 763 1413 819 mutato
1456 774 1748 841 corpore,
1793 752 2050 842 qualem

539 840 825 920 Videris,
868 840 1128 926 incepto
1165 847 1416 923 tegeret
1457 858 1605 902 cum
1646 836 1894 902 lumina
1938 834 2228 901 somno.“

698 922 885 988 Haec
925 922 1020 988 ait
1060 930 1128 987 et
1165 920 1484 1010 liquidum
1527 918 1894 986 ambrosiae
1937 916 2242 984 diffundit
2285 916 2570 999 odorem,
2778 929 2879 981 415

536 1155 677 1226 quod
712 1153 916 1210 fulvam
957 1154 1214 1210 cervicem
1252 1154 1514 1208 memoret
1527 1190 1541 1213 ,
1591 1151 1626 1204 1.
1662 1167 1707 1205 e.
1746 1166 1811 1206 ex
1857 1153 2137 1221 poetarum
2187 1149 2440 1221 loquendi
2488 1164 2637 1204 more
2677 1148 2879 1212 iubam,

571 1238 671 1277 uae
704 1222 873 1278 leonis
908 1223 1004 1284 sit,
1059 1239 1165 1277 non
1197 1222 1434 1276 leaenae.
1505 1219 1754 1273 Ceterum
1796 1218 1967 1287 idem,
2030 1219 2169 1290 quod
2204 1219 2292 1273 hic
2327 1217 2589 1288 Vergilio,
2625 1215 2881 1271 accidisse

584 1289 657 1344 al.
682 1289 876 1346 Flacco
898 1291 999 1355 111,
1031 1295 1147 1344 740.
1175 1290 1290 1355 (nbi
1309 1288 1515 1358 pariter
1537 1285 1654 1340 leae
1689 1287 1820 1340 iuba
1853 1287 2157 1346 tribuitur).
2192 1286 2405 1341 Ladew.
2448 1283 2664 1356 quidem
2700 1284 2882 1346 docet,

535 1358 701 1414 etiam
729 1374 823 1439 'ea-
855 1356 1172 1413 animalium
1213 1357 1455 1436 nomina,
1503 1369 1640 1424 quae
1683 1353 1886 1434 duplici
1920 1357 2093 1435 forma
2126 1371 2310 1409 sexum
2346 1354 2645 1408 discernere
2678 1352 2877 1415 sinant,

535 1422 2284 1572 201⁹⁰22⁸..3522332225P220352232mffl2‘ffibz‘ssffiffss
2310 1420 2885 1544 {34235031411222'222

533 1576 630 1631 pro
664 1560 856 1616 leaena
889 1576 1015 1639 pom
1047 1563 1303 1629 potuisse,
1377 1574 1503 1612 uam
1536 1559 1740 1620 contra,
1782 1574 1947 1627 quare
1982 1573 2180 1611 omissa
2215 1556 2369 1616 iuba.
2409 1556 2474 1610 de
2509 1572 2617 1627 qua
2648 1571 2756 1609 non
2786 1570 2881 1608 ne·

534 1628 763 1683 cessario
797 1625 1164 1708 cogltamdum⁹
1202 1630 1349 1681 resta
1410 1627 1592 1679 tamen
1615 1624 1846 1679 Proteus
1878 1640 2072 1696 parum
2106 1627 2232 1695 apte
2267 1624 2322 1678 in
2351 1626 2598 1678 leaenam
2616 1624 2879 1677 mutatus.

534 1727 601 1737 —
635 1694 773 1758 409.
807 1694 929 1750 Fmt
964 1695 1184 1749 flamma
1215 1694 1303 1749 vel
1336 1709 1493 1764 aqua.
1564 1691 1647 1747 cf.
1696 1694 1862 1747 etiam
1903 1691 2048 1747 infra
2094 1707 2143 1747 v.
2184 1695 2301 1746 442.
2358 1691 2623 1746 Homerus
2656 1690 2693 1745 L
2727 1691 2768 1744 1.
2814 1688 2882 1744 de

535 1779 674 1833 aqua
709 1761 867 1817 modo
899 1762 1157 1833 loquitur,
1196 1762 1358 1817 Silius
1396 1764 1581 1815 autem
1618 1759 1741 1820 VII,
1766 1763 1868 1814 422
1907 1777 1988 1829 sq.
2028 1760 2170 1815 hanc
2202 1759 2395 1815 miram
2427 1758 2667 1828 profecto
2701 1760 2886 1812 trans-

533 1830 910 1909 figurationem
943 1831 1002 1885 in
1035 1831 1213 1900 ignem
1252 1832 1308 1884 et
1343 1844 1539 1899 aquam
1579 1830 1734 1882 caute
1769 1827 1995 1882 omittit.
2024 1860 2091 1869 —
2118 1835 2315 1897 atque
2350 1829 2448 1880 ita
2481 1825 2733 1880 vinclis
2757 1825 2883 1878 Ex-

536 1899 686 1952 ctde
696 1904 731 1952 t.
801 1897 883 1952 De
919 1898 1288 1953 coniunctione
1324 1911 1516 1951 causae
1553 1899 1610 1949 et
1642 1898 1866 1950 eventus
1943 1912 2001 1950 er
2022 1893 2330 1950 Particulas
2559 1893 2656 1956 ita,
2693 1891 2884 1948 Ovidio

534 1965 608 2018 im
645 1964 796 2019 rimis
829 1965 1192 2036 frequentata,
1245 1963 1315 2018 cf.
1344 1962 1509 2018 Bach.
1553 1961 1622 2017 ad
1656 1961 1814 2017 Ovid.
1913 1967 1985 2017 et.
2022 1962 2068 2027 Ι,
2106 1964 2223 2017 228.
2263 1993 2331 2002 -
2365 2002 2400 2029 ,,
2478 1959 2728 2026 oecidet,
2772 1959 2883 2015 ela-

532 2032 628 2087 be-
696 2073 709 2097 ,
745 2030 984 2113 effugiet,
1019 2035 1085 2088 ut
1103 2033 1430 2094 ἐκπίπτεινς
1466 2030 1616 2083 dila
1669 2047 1780 2083 sus
1817 2030 2053 2095 abibit,
2089 2029 2347 2094 ornatius,
2368 2043 2530 2100 quam
2551 2026 2882 2082 dilabetur.“

531 2098 711 2170 Heyn.
754 2099 930 2155 Simffi
968 2100 1119 2170 copia
1141 2098 1298 2154 Ovid.
1324 2098 1458 2152 Met.
1482 2097 1547 2161 V,
1569 2101 1603 2151 4
1641 2101 1689 2151 5.
1732 2097 2077 2166 Pectoraque
2109 2098 2168 2151 in
2203 2104 2383 2152 tenues
2412 2096 2611 2149 abeunt
2642 2096 2885 2150 evanida

528 2167 700 2221 rivos.
769 2167 1027 2223 Ceterum
1061 2168 1131 2222 cf.
1157 2166 1311 2222 Ovid.
1330 2168 1393 2220 A.
1425 2166 1486 2219 A.
1515 2165 1544 2219 I
1592 2168 1707 2219 761.
1753 2165 1802 2219 U
1899 2183 1928 2219 e
1964 2165 2108 2219 leves
2139 2164 2374 2219 Proteus
2406 2165 2572 2218 modo
2602 2179 2663 2217 se
2695 2169 2883 2217 tenua-

531 2234 609 2288 bit
649 2235 710 2289 in
750 2237 934 2290 undas
975 2238 1033 2290 et
1064 2234 1310 2289 Wernsd.
1350 2232 1501 2288 Poet.
1537 2207 1599 2288 i..
1637 2232 1764 2287 min.
1882 2274 1896 2297 ,
1935 2235 2054 2293 521,
2093 2235 2176 2286 20.
2239 2231 2472 2303 Spwmat
2508 2248 2672 2302 aper,
2706 2231 2883 2298 fluit

529 2302 734 2368 unda,
771 2303 963 2370 fremit
999 2304 1103 2369 leo,
1137 2302 1327 2356 sibilat
1359 2302 1568 2370 anquis.
1627 2300 1839 2355 Peerlk.
1879 2302 2080 2364 tamen,
2117 2300 2211 2370 qui
2246 2302 2422 2369 putat,
2461 2299 2699 2353 aonium
2856 2328 2879 2338 -

529 2384 651 2423 mae
684 2372 827 2424 dare
860 2370 986 2450 poni
1022 2386 1126 2424 non
1165 2369 1404 2448 potuisse
1441 2384 1537 2438 pro
1573 2369 1700 2434 fieri
1722 2369 2009 2437 flammam
2034 2371 2107 2432 et,
2134 2368 2180 2421 si
2199 2366 2425 2421 Proteus
2448 2366 2668 2421 flamma
2759 2369 2881 2420 ctus

529 2436 727 2490 vinclis
761 2439 1010 2492 excudere
1042 2439 1214 2506 poss1t
1227 2478 1239 2500 ‚
1294 2436 1552 2491 absonam
1589 2451 1705 2490 esse
1742 2434 2163 2490 admonitionem
2198 2437 2509 2504 sequentem
2524 2473 2537 2495 ‚
2580 2435 2647 2487 ut
2688 2433 2880 2487 vinclis

528 2506 779 2559 teneatur
838 2503 1002 2585 (uod
1061 2520 1190 2559 sane
1236 2504 1426 2573 negari
1466 2503 1555 2557 vix
1663 2505 1825 2566 test),
1871 2521 1926 2574 p.
1960 2505 2078 2558 296.
2119 2519 2205 2555 vv.
2247 2506 2365 2557 409.
2416 2504 2471 2556 et
2506 2504 2623 2556 410.
2668 2502 2881 2571 spurios

531 2574 729 2627 censet.
796 2571 864 2626 Vi
904 2589 932 2626 e
966 2576 1167 2636 tamen,
1244 2571 1471 2626 uomodo
1626 2588 1719 2626 ew.
1758 2572 2062 2625 Bevrtlzeil.
2098 2588 2151 2641 p.
2189 2573 2273 2624 25.
2314 2586 2405 2624 eos
2443 2568 2728 2624 defendere
2764 2572 2881 2623 stu-

530 2639 673 2704 deat,
712 2642 767 2693 et
804 2639 873 2695 cf.
911 2639 1168 2695 Ribbeck.
1251 2638 1418 2708 roleg.
1452 2657 1507 2709 p.
1545 2643 1627 2693 53.
1671 2670 1738 2679 —
1782 2636 1911 2698 412.
1957 2638 2094 2693 Cum
2126 2637 2183 2692 in
2226 2637 2366 2692 Med.
2415 2653 2449 2691 a
2486 2653 2559 2691 m.
2632 2654 2703 2701 r.,
2738 2636 2878 2701 Pal„

533 2705 674 2763 Gud.
712 2708 768 2786 et
789 2706 949 2762 Bern.
986 2707 1059 2762 Π.
1101 2723 1137 2762 a
1167 2723 1237 2761 m.
1281 2724 1362 2777 pr.
1400 2723 1497 2777 pro
1532 2706 1677 2775 vulg.
1717 2705 1900 2761 Tanto
1924 2705 2140 2774 legatur
2178 2706 2393 2767 Taum,
2432 2720 2555 2759 cum
2577 2654 2787 2759 lgeerlk.
2825 2722 2876 2774 p.

530 2776 666 2839 297..
701 2773 860 2829 Rabb.
897 2777 956 2829 et
988 2773 1202 2830 Ladew.
1236 2791 1379 2828 nunc
1429 2773 1695 2828 edidimus
1735 2774 1875 2827 Tam
1910 2781 1969 2827 tu
1984 2815 1997 2835 ‚
2037 2772 2176 2853 quod
2220 2773 2387 2826 etiam
2419 2772 2617 2827 Donat.
2653 2772 2723 2827 ad
2757 2771 2878 2827 Ter.

530 2841 660 2896 Hec.
696 2840 798 2905 ΠΙ,
834 2846 886 2907 4,
923 2845 972 2895 3.
1023 2842 1238 2897 videtur
1269 2841 1484 2921 legisse.
1554 2842 1697 2896 Bene
1744 2844 1928 2896 autem
1973 2842 2075 2895 sibi
2122 2856 2207 2894 res
2279 2839 2441 2894 ndere
2485 2846 2745 2920 quantum
2792 2839 2879 2895 vel

529 2915 733 2981 quanto
770 2938 796 2951 ·
830 2916 959 2977 tam,
1001 2910 1196 2965 docent
1229 2910 1335 2965 loci
1371 2908 1574 2964 Lucani
1597 2909 1691 2970 IX.
1722 2911 1838 2964 766.
1876 2907 2066 2963 Claud.
2104 2908 2169 2962 de
2250 2923 2361 2961 ons.
2395 2906 2607 2962 Stihch.
2645 2910 2728 2963 27.
2757 2906 2878 2961 alii-

566 2992 634 3032 ue
666 2993 701 3032 a
733 2976 998 3033 Gronovio
1031 2978 1098 3032 ad
1136 2977 1252 3031 Liv.
1296 2975 1492 3041 XXVI,
1538 2980 1581 3030 1.
1628 2975 1838 3038 collati,
1886 2976 2081 3055 quibus
2127 2974 2338 3029 Ladew.
2391 2973 2578 3029 adiicit
2618 2974 2733 3029 Liv.
2775 2974 2873 3035 IX,

564 3048 614 3109 8,
653 3048 704 3098 4.
772 3043 974 3100 Seneca
1007 3045 1077 3098 Hi
1115 3062 1169 3115 p.
1207 3044 1542 3123 10863hunc
1583 3044 1760 3124 locum
1797 3044 1875 3098 sic
1909 3044 2155 3097 mitatus
2198 3046 2305 3098 est:
2354 3050 2406 3095 et
2455 3051 2662 3112 quanto
2703 3059 2880 3123 mayn

536 3179 715 3233 Tanto
749 3130 1098 3245 'servarugzq
1127 3111 2282 3246 of-mfflzgt'aeacssgfmigttenqgffldobffiffi’
2319 3109 2878 3258 {diligt‘lfftlaefflffii

531 3246 692 3319 ὑμεῖς
738 3244 790 3299 δ’
838 3246 971 3301 οἷστε
1021 3250 1171 3319 φέως
1216 3247 1440 3317 ἕχεμεν,
1487 3247 1702 3317 μᾶλλον
1751 3245 1794 3300 τ’
1845 3248 2125 3308 πιέζειν.
2194 3245 2274 3299 De
2311 3244 2636 3315 Imperatlvo
2672 3244 2880 3299 Futuro

533 3312 888 3383 respondente
931 3330 959 3369 c
988 3354 1002 3367 .
1047 3313 1256 3368 adnott.
1307 3313 1376 3369 ad
1419 3312 1551 3369 Geo.
1601 3312 1706 3375 m,
1744 3316 1828 3367 73.
1866 3344 1933 3353 ·-—
1966 3310 2099 3372 414.
2155 3322 2212 3367 te
2263 3320 2401 3366 eret
2442 3329 2583 3367 cum
2623 3312 2879 3367 lumina

530 3398 751 3436 somno
785 3397 883 3452 pro
917 3382 1151 3451 vulgari:
1209 3399 1331 3435 cum
1371 3398 1591 3436 somnus
1634 3388 1831 3448 teqeret
1862 3380 2088 3434 lumina.
2232 3423 2243 3434 .
2279 3379 2481 3433 Catull.
2520 3380 2581 3446 L,
2623 3383 2703 3435 10.
2756 3379 2880 3434 Nec

529 3464 745 3503 comm
780 3457 979 3516 teqeret
1015 3450 1193 3518 quiete
1232 3450 1458 3513 ocellos,
1508 3447 1597 3511 LI,
1640 3451 1719 3503 11.
1756 3449 1971 3517 qemina
2019 3455 2267 3517 teqtmtur
2301 3448 2540 3501 Lumina
2585 3456 2742 3502 nocte
2756 3487 2769 3510 ‚
2820 3450 2876 3502 et

528 3513 689 3595 Prop.
724 3515 770 3580 1,
813 3519 891 3581 10,
930 3519 979 3571 7.
1042 3518 1300 3575 Quamvis
1343 3518 1581 3570 labentes
1615 3524 1888 3586 premeret
1927 3515 2065 3569 mihi
2109 3532 2329 3568 somnus
2371 3516 2590 3570 ocellos.
2639 3546 2706 3555 —
2746 3513 2877 3574 415.

534 3582 674 3647 „Hic
707 3598 831 3637 vero
866 3599 989 3638 cum
1023 3583 1308 3638 Homerica
1341 3582 1690 3653 simplicitate
1729 3586 1785 3637 et
1823 3583 2053 3637 veritate
2090 3581 2367 3637 contendit
2389 3582 2626 3651 Vergilii
2662 3583 2880 3652 elegan-

529 3651 610 3705 tia
642 3656 701 3704 et
731 3651 1040 3720 ingenium3
1100 3668 1226 3705 nam
1261 3652 1317 3704 in
1352 3650 1593 3719 Odyssea
1628 3668 1678 3704 v.
1713 3654 1815 3705 444
1854 3667 1970 3721 sqq.
2016 3651 2326 3704 mbr-osiae
2363 3651 2505 3703 odor
2536 3650 2620 3714 iis,
2659 3651 2749 3721 qui
2776 3651 2878 3703 sub

528 3717 821 3798 phocarum
862 3718 1097 3789 pellibus
1147 3719 1404 3781 laterent,
1453 3734 1612 3788 quam
1662 3719 1893 3773 maxime
1937 3721 2056 3773 erat
2103 3718 2319 3789 quidem
2361 3717 2539 3781 utilis,
2586 3717 2661 3771 rei
2695 3721 2877 3772 tamen

529 3786 698 3855 ipsius
733 3802 922 3855 parum
960 3786 1194 3840 incunda
1227 3786 1492 3841 narratio:
1536 3787 1595 3840 at
1627 3786 1684 3839 in
1718 3789 1903 3840 nostro
1939 3801 2132 3856 corpus
2165 3785 2370 3841 iuvenis
2407 3785 2677 3839 ambrosia
2720 3785 2879 3839 inun-

530 3854 694 3922 gitur,
734 3857 797 3906 ut
830 3853 922 3908 ille
955 3870 1154 3908 novum
1190 3855 1369 3915 robur,
1406 3870 1572 3908 novas
1607 3854 1747 3908 vires
1787 3853 1857 3908 ad
1893 3853 2232 3908 vinciendum
2267 3854 2324 3907 et
2345 3852 2670 3907 domandum
2696 3868 2877 3907 senem

532 3920 777 4000 accipiat.
847 3920 990 3975 Nam
1023 3921 1153 3975 illa!
1214 3920 1354 4001 quod
1393 3922 1573 3975 dulcis
1604 3923 1845 4042 sgr-avit
1878 3939 2048 3988 aura,
2096 3926 2152 3976 et
2232 3920 2411 3975 uidem
2460 3921 2703 3974 crinibus
2752 3938 2880 3975 cou-

524 3995 742 4057 pontu,
781 3992 1004 4043 ornatus
1043 3990 1234 4058 poetim
1275 4004 1439 4042 causa
1475 3989 1626 4043 adiec
1691 3994 1744 4042 .“
1781 3989 1960 4055 Heyn.
1986 4020 2053 4030 —
2086 4008 2190 4043 am
2242 3988 2469 4043 rosiae
2503 3990 2795 4055 odorem,
2821 3986 2876 4042 h.

532 4070 579 4109 e.
616 4055 941 4109 ambrosiam
977 4055 1273 4119 odoratam,
1312 4057 1695 4124 diffundit,
1733 4072 1830 4126 per
1852 4057 2095 4110 membra
2112 4056 2226 4120 filii,
2262 4058 2326 4109 ut
2350 4059 2527 4109 totum
2548 4054 2661 4109 eius
2684 4072 2877 4126 corpus

532 4120 805 4191 perducat.
876 4122 960 4177 Cf.
1016 4125 1149 4178 Aen.
1194 4124 1246 4188 1,
1284 4126 1401 4178 403.
1444 4122 1568 4186 XJJ,
1608 4128 1726 4179 419.
1772 4125 1830 4177 et
1866 4123 2020 4178 Ovid.
2065 4124 2197 4178 Met.
2239 4123 2382 4189 XIV,
2423 4126 2535 4178 606.
2598 4125 2881 4178 ambrosia

530 4206 650 4243 cum
682 4187 838 4243 draci
870 4197 1088 4244 nectare
1119 4191 1291 4244 mixta
1330 4189 1572 4258 Contiyit
1589 4208 1665 4245 oe.
1733 4190 1926 4245 Plures
1962 4190 2127 4245 Codd.
2168 4193 2332 4257 (certe
2371 4190 2595 4244 schedae
2630 4190 2875 4261 sangall.

491 4272 493 4275 ·
535 4258 595 4337 et
622 4255 748 4311 Vat.
783 4256 974 4323 Servii)
1010 4259 1288 4337 defendit,
1329 4258 1740 4337 quod-praefert
1779 4258 1983 4313 Wakef.
2021 4258 2091 4312 ad
2125 4258 2281 4314 Lucr.
2317 4258 2411 4324 IV,
2449 4261 2531 4312 88.
2574 4260 2631 4312 et
2676 4259 2880 4329 recepit

531 4322 783 4377 Ribbeck.
804 4323 1011 4379 Wakef.
1049 4325 1262 4395 quidem
1307 4324 1561 4380 subtlhus
1596 4341 1760 4396 quam
1792 4327 1971 4380 verius
1994 4326 2204 4381 adiicit:
2241 4326 2718 4397 „Dissuadere
2752 4327 2786 4381 i.
2824 4343 2876 4396 q.

675 4405 967 4446 naversum
1075 4408 1262 4461 argere
1277 4432 1290 4455 ‚
1341 4394 1651 4461 defundere
1698 4397 1883 4448 autem
1921 4393 1988 4447 de
2019 4393 2205 4465 aliqua
2238 4412 2295 4450 re
2330 4394 2385 4447 in
2425 4394 2587 4448 aliam
2625 4392 2875 4448 deorsum

537 4458 992 4580 ...1ὲῖᾞᾶἣῖ
1029 4460 1396 4596 ,ζοέἳιὲἵζξὲθ
1404 4476 1625 4582 ..3123
1627 4461 2116 4584 fflffssiffioffg
2161 4463 2522 4585 ³³32&ssss
2553 4460 2878 4599 fffifflessss

539 4565 844 4644 diffudisset
879 4591 1064 4647 odores
1100 4567 1253 4657 istos,
1290 4593 1574 4663 disperditi
1604 4595 1663 4649 in
1695 4593 1922 4650 humum
1956 4599 2014 4651 et
2044 4598 2101 4651 in
2134 4546 2295 4652 {gras
2328 4588 2739 4659 evanuissent;“
2782 4596 2876 4650 sed

538 4667 711 4709 nonne
751 4656 956 4727 Cyrene
975 4663 1309 4728 unguentum
1336 4662 1392 4714 in
1409 4661 1586 4731 ipsum
1604 4661 1837 4718 Aristaei
1872 4679 2062 4736 corpus
2098 4663 2411 4727 diffundere,
2447 4666 2485 4718 i.
2517 4680 2563 4718 e.
2591 4678 2788 4733 corpus
2815 4680 2875 4721 eo
