3616 5026
568 203 684 264 154
1275 197 1348 263 P.
1394 196 1763 263 VERGILI
1804 195 2203 264 MARONIS

560 362 885 448 Incipiunt
941 362 1245 448 mollique
1294 366 1518 450 iugum
1572 362 1908 428 demittere
1952 363 2139 446 clivo,

559 444 780 543 Usque
823 443 908 510 ad
952 468 1183 546 aquam
1230 456 1294 511 et
1333 458 1606 528 veteres,
1652 448 1782 511 iam
1827 447 2040 512 fracta
2083 446 2421 512 cacumina
2435 497 2450 520 ,
2492 447 2679 531 fagos

561 525 798 593 Omma
842 529 1237 595 carminibus
1279 539 1568 595 vestrum
1616 550 1915 595 servasse
1955 529 2319 595 Menalcan.
2822 543 2883 592 10

1560 663 1901 713 MOERIS.

556 762 905 844 Audieras,
949 771 1013 827 et
1049 765 1226 829 fama
1265 765 1418 847 fuit3
1466 763 1580 829 sed
1621 765 1916 829 carmina
1952 773 2200 830 tantum

556 846 793 912 Nostra
831 845 1075 929 valent,
1116 847 1387 933 Lycida,
1432 846 1561 912 tela
1602 850 1769 912 inter
1810 847 2088 930 Martia,
2134 858 2439 936 quantum

559 929 883 996 Chaonias
938 929 1160 995 dicunt
1210 931 1428 1018 aquila
1478 932 1775 996 veniente
1830 931 2180 998 columbas,

551 1165 676 1204 nem
709 1166 861 1203 suam
897 1166 1013 1204 esse
1046 1149 1374 1207 restitutum.
1446 1152 1523 1205 De
1560 1151 1852 1232 posteriore
1889 1151 2030 1205 enim
2065 1155 2437 1207 veteranorum
2461 1149 2732 1205 invasione
2750 1151 2886 1205 nihil

553 1218 846 1272 audiverat.
921 1216 1102 1272 Certe
1145 1219 1441 1287 equidem
1484 1221 1572 1273 ubi
1620 1220 1845 1289 legitur.
1883 1219 2096 1274 Handio
2141 1222 2357 1275 auctore
2394 1219 2550 1272 Ture.
2587 1216 2661 1271 Π.
2708 1235 2760 1287 p.
2800 1222 2883 1272 28.

553 1301 657 1339 non
702 1285 987 1340 cohaerent
1029 1285 1157 1340 haec
1199 1287 1483 1344 vocabula.
1533 1288 1625 1342 sed
1671 1291 1850 1342 certe
1903 1288 2356 1342 confirmationem
2408 1285 2653 1340 veritatis
2702 1285 2889 1340 adiicit

551 1354 826 1407 universae
869 1354 1164 1408 sententiae
1214 1358 1270 1409 et
1310 1356 1544 1425 pertinet
1589 1355 1656 1408 ad
1702 1355 1957 1410 Verbum.
2029 1355 2112 1409 cf.
2163 1355 2342 1410 Plaut.
2395 1354 2518 1409 Aul.
2570 1353 2652 1416 11,
2704 1356 2761 1414 2,
2801 1356 2882 1407 38.

550 1428 692 1475 certo
729 1422 928 1491 edepol
960 1438 988 1470 e
1063 1422 1204 1475 idem
1231 1430 1282 1476 te
1314 1425 1483 1477 civem
1520 1423 1637 1476 sine
1670 1423 1825 1477 mala
1867 1424 2018 1477 omni
2055 1423 2278 1477 malitia
2317 1440 2529 1492 semper
2571 1437 2691 1474 own
2734 1420 2886 1475 arbi-

549 1496 739 1543 tratus.
778 1489 923 1543 Pers.
1009 1531 1022 1553 ,
1060 1492 1107 1552 2,
1145 1491 1228 1544 27.
1264 1499 1401 1543 certe
1438 1492 1685 1559 equidem
1861 1509 1949 1543 um
2025 1493 2226 1545 eim-em
2259 1509 2427 1561 quam
2463 1498 2512 1544 te
2546 1489 2683 1542 novi
2716 1489 2883 1543 nemi-

549 1573 668 1636 nem
701 1564 797 1610 etc.
836 1588 899 1595 ·-
977 1575 1065 1611 na
1094 1574 1162 1636 se
1192 1559 1555 1638 subducere
1589 1511 1798 1612 collos
1825 1587 1848 1599 -
1870 1587 1893 1599 ·
1915 1587 1939 1599 -
1963 1510 2314 1638 feminei-e
2346 1558 2542 1620 clivo,
2618 1572 2689 1610 ua
2722 1556 2884 1611 colles

553 1629 633 1678 ata
664 1622 949 1678 decrescun
980 1664 994 1687 ,
1031 1626 1094 1679 ut
1130 1642 1182 1678 m
1219 1627 1415 1679 clivum
1442 1626 1616 1680 lenem
1641 1626 1903 1680 adscensu
1926 1626 2195 1681 desinant.
2234 1627 2319 1681 cf.
2347 1624 2535 1679 not.ad
2611 1624 2676 1677 cl.
2716 1624 2762 1682 1,
2799 1628 2884 1677 21.

550 1691 934 1747 δυόάυσιιπαω·
951 1692 1133 1754 colles,
1191 1694 1248 1747 ui
1269 1694 1633 1749 decrescentes
1652 1710 1713 1748 ex
1738 1694 1853 1747 alto
1877 1694 1931 1748 in
1954 1693 2176 1763 planmn
2198 1693 2537 1748 deducuntur
2562 1692 2700 1756 (sich
2718 1694 2776 1745 in
2792 1694 2887 1746 die

549 1760 731 1814 Ebene
747 1761 1053 1823 ver-lieren).
1081 1710 1395 1816 Saganam
1412 1762 1553 1816 enim
1571 1761 1840 1831 significat
1858 1762 2150 1817 amovendo
2169 1762 2454 1823 occultare,
2478 1758 2668 1814 deinde
2686 1759 2881 1814 sensim

548 1830 604 1882 et
634 1828 844 1883 nemine
878 1827 1141 1882 sentiente
1175 1845 1459 1884 removere.
1500 1829 1673 1894 Quare
1710 1829 1893 1911 eqlem
1936 1830 2046 1884 fere
2083 1846 2243 1884 sensu
2270 1828 2412 1898 apud
2439 1827 2581 1885 Plin.
2607 1826 2704 1897 Ep.
2730 1827 2794 1890 V,
2833 1830 2880 1880 6.

536 1898 681 1965 sone
720 1897 1064 1960 subducitur,
1109 1897 1143 1950 i.
1180 1913 1223 1950 e.
1261 1913 1440 1960 arena,
1476 1897 1638 1951 humo
1673 1897 1940 1951 hauritur.
2011 1898 2089 1952 Ut
2126 1897 2213 1951 hic
2248 1914 2305 1950 se
2339 1897 2637 1950 subducere
2670 1898 2757 1950 est
2793 1895 2883 1949 de-

548 1979 803 2026 crescere,
841 1963 921 2018 ita
956 1967 1142 2018 contra
1177 1982 1234 2018 se
1264 1966 1528 2019 subiicere
1565 1965 1599 2018 i.
1639 1982 1689 2034 q.
1728 1982 1945 2019 sursum
1983 1965 2114 2032 erigi
2150 1967 2206 2018 et
2241 1979 2492 2018 crescere.
2540 1963 2622 2016 Cf.
2673 1962 2882 2016 adnott.

546 2030 616 2085 ad
640 2030 754 2086 Ecl.
787 2030 853 2095 X,
893 2034 973 2085 74.
1001 2064 1067 2073 —
1090 2030 1249 2087 molli
1265 2032 1410 2086 clivo
1436 2032 1577 2087 redit
1597 2033 1725 2088 Geo.
1753 2032 1854 2090 ΙΠ.
1884 2036 2000 2086 293.
2036 2033 2118 2086 cf.
2146 2032 2300 2086 Caes.
2329 2031 2392 2085 B.
2418 2031 2474 2085 C.
2503 2030 2576 2090 ΙΙ,
2618 2034 2695 2084 10.
2719 2030 2885 2084 molle

534 2099 849 2179 fastiqium.
876 2100 1020 2179 —·9.
1059 2101 1148 2154 ad
1181 2117 1275 2221 aql
1317 2119 1438 2160 am,
1479 2099 1592 2154 scil.
1620 2100 1820 2160 Mincii,
1859 2116 1979 2180 cum
2004 2099 2070 2153 de
2098 2099 2321 2168 Vergilii
2345 2097 2560 2167 praedio
2586 2114 2756 2152 sermo
2791 2097 2881 2176 sit,

547 2167 1317 2304 asnfsffls-,zz-AEss..
1330 2167 2881 2315 1z,estete·.,¹.J:;.3-¹.¹‚¹¹‚¹²⁸.·,.F5.⁹.⁰315'.·a⁶&affl

549 2301 883 2357 referendum
919 2319 1034 2357 esse
1069 2303 1340 2372 epitheton
1357 2346 1370 2367 ,
1416 2306 1570 2372 patet
1604 2320 1665 2357 ex
1703 2303 1893 2357 addita
1925 2301 2203 2357 Particula
2236 2322 2378 2362 mm3
2426 2317 2529 2380 quo
2564 2302 2727 2354 etiam
2763 2317 2882 2369 pro-

547 2370 666 2423 bari
698 2369 912 2424 videtur
947 2370 1228 2440 explicatio
1264 2371 1424 2425 huius
1457 2371 1559 2424 loci
1599 2376 1845 2429 ..veteres
1880 2371 1988 2424 iam
2023 2371 2210 2424 fractis
2248 2369 2678 2430 cacummibus,“
2722 2384 2880 2437 quam

546 2437 618 2491 ad
650 2436 763 2491 Ecl.
798 2437 873 2502 ΙΙ,
913 2442 962 2492 3.
995 2439 1326 2508 propositam
1359 2438 1524 2500 videS,
1563 2440 1656 2491 ubi
1694 2439 2082 2508 appositionem
2118 2437 2243 2492 huic
2268 2436 2599 2490 simillimam
2624 2436 2880 2504 legimus:

544 2507 686 2560 inter
719 2506 935 2572 densas,
970 2507 1224 2562 mnbrosa
1258 2507 1561 2574 camina,
1585 2509 1779 2577 sayna.
1852 2505 2056 2561 'I‘uetur
2090 2509 2271 2561 autem
2306 2504 2393 2560 hic
2419 2504 2568 2559 locus
2591 2503 2882 2574 parallelus

547 2573 828 2629 lectionem
882 2580 1147 2637 nostram,
1202 2576 1309 2629 iam
1355 2574 1573 2629 Heinsio
1617 2575 1902 2645 probatam
1951 2578 2008 2628 et
2043 2591 2077 2628 a
2111 2575 2296 2628 Burm.
2333 2589 2394 2627 ex
2428 2572 2619 2627 Medic.
2657 2571 2884 2652 aliisque

549 2640 702 2695 bonis
735 2641 890 2695 libris
925 2643 1251 2696 restitutam.
1296 2642 1471 2709 Vulgo
1515 2643 1657 2698 enim
1699 2642 1960 2697 edebatur
2004 2644 2196 2696 νεανία
2229 2644 2341 2695 iam
2362 2643 2567 2710 fracta
2600 2657 2886 2694 οασιιηιεπα

538 2710 680 2778 saqi
693 2728 707 2775 ς
752 2724 889 2778 qnae
931 2710 1089 2763 lectio
1134 2709 1278 2765 haud
1321 2711 1481 2765 dubie
1532 2726 1592 2765 ex
1636 2714 1816 2765 vetere
1852 2709 2258 2779 orthographia,
2303 2708 2502 2762 veteris
2535 2723 2632 2776 pro
2664 2716 2881 2771 veteres,

547 2780 668 2831 orta
698 2782 798 2831 est.
837 2776 1049 2858 quincta.
1074 2778 1210 2831 Inst.
1237 2778 1387 2839 VIII,
1424 2781 1473 2837 6,
1511 2781 1596 2831 46.
1632 2777 1684 2833 h.
1723 2778 1761 2832 1.
1801 2776 2032 2831 afferens
2066 2777 2203 2847 legit
2237 2780 2406 2846 conje-
2447 2783 2536 2829 cta
2580 2775 2879 2828 cacumina.

546 2844 845 2914 Conington
890 2845 1098 2899 confert
1136 2845 1285 2900 Pers.
1325 2844 1399 2906 V,
1451 2850 1532 2900 59.
1601 2845 1858 2913 Fre-quit
1899 2847 2190 2911 articulos,
2233 2861 2297 2897 ve
2461 2841 2705 2896 ramalia
2770 2843 2882 2909 aqi.

546 2912 798 2967 Ceterum
832 2911 986 2983 fagos
1020 2914 1157 2967 istas
1189 2913 1405 2968 termini
1439 2913 1556 2967 loco
1590 2913 1781 2976 fuisse,
1833 2915 2028 2982 probat
2062 2913 2213 2967 Voss.
2251 2911 2369 2965 coll.
2407 2911 2534 2965 Hor.
2571 2909 2668 2979 Ep.
2770 2949 2783 2972 ,
2831 2913 2880 2969 2,

549 2984 660 3033 170.
704 2998 815 3049 qua
851 2982 1095 3051 populus
1136 2982 1325 3035 adsita
1367 2981 1529 3035 certis
1574 2980 1869 3034 Limicibew
1912 2982 2098 3035 vicina
2135 2980 2347 3048 refhyit
2391 2978 2581 3048 inv-qia
2615 2976 2727 3040 (ubi
2761 2978 2883 3031 vide

546 3047 754 3111 Orell.),
792 3050 951 3103 acute
986 3049 1304 3111 coniectans,
1344 3048 1479 3103 fines
1513 3049 1628 3117 agri
1664 3048 1749 3102 sui
1782 3054 1899 3102 tam
1932 3051 2182 3103 accurate
2214 3045 2513 3101 describere
2547 3048 2777 3114 poetam,
2814 3061 2881 3099 ne

545 3115 796 3169 restituto
872 3115 1048 3171 uidem
1089 3116 1190 3172 sibi
1228 3115 1444 3185 praedio
1491 3117 1729 3170 ambitus
1776 3120 1959 3171 tamen
2002 3117 2115 3170 eius
2149 3115 2517 3169 imminuatur.
2558 3144 2624 3154 --·
2664 3112 2750 3173 10.
2784 3131 2880 3166 ve·

543 3190 758 3237 strum.
875 3183 1019 3238 lures
1065 3182 1229 3237 Codd.
1274 3192 1547 3250 nostrum,·
1599 3184 1654 3236 in
1697 3200 1802 3253 quo
1849 3200 2031 3239 veram
2076 3183 2302 3251 Vergilii
2346 3183 2671 3249 scripturam
2709 3180 2879 3235 latere

546 3266 637 3304 sus
673 3250 848 3304 icatus
885 3251 1041 3304 Voss.
1076 3259 1315 3304 vostrum
1348 3250 1536 3305 edidit.
1607 3251 1710 3307 (Cf.
1750 3252 1916 3305 ctiam
1952 3251 2020 3304 ad
2060 3267 2110 3302 v.
2149 3256 2220 3308 6.)
2290 3248 2393 3303 Sed
2431 3251 2544 3304 sine
2579 3248 2881 3303 certissima

657 3317 710 3371 d.
745 3319 1068 3372 auctoritate
1104 3318 1190 3372 hic
1222 3317 1358 3372 nihil
1392 3317 1721 3382 novandmm
1764 3335 1884 3372 cum
1907 3317 2230 3372 Pronomina
2264 3325 2437 3370 vester
2469 3321 2525 3371 et
2559 3324 2742 3370 noster
2764 3333 2880 3370 sex-

545 3385 745 3440 centies
777 3385 835 3439 in
874 3384 1044 3440 Codd.
1082 3386 1303 3440 confusa
1337 3403 1452 3440 esse
1492 3390 1716 3440 constet.
1773 3387 1859 3440 Of.
1884 3386 2048 3440 Drak.
2085 3386 2153 3440 ad
2189 3385 2303 3440 Liv.
2330 3384 2576 3445 XXXIV,
2615 3387 2662 3445 2,
2703 3387 2750 3437 2.
2776 3383 2880 3438 Per

545 3453 900 3506 Menalcan
933 3453 1268 3522 significatur
1300 3453 1415 3523 ipse
1449 3454 1745 3522 Vergiliae,
1797 3454 2124 3508 carminibus
2168 3453 2282 3507 suis
2322 3454 2516 3506 nactus
2548 3452 2788 3506 fautores
2823 3454 2879 3506 et

544 3520 578 3574 d
648 3523 929 3584 recatores,
969 3537 1193 3591 quorum
1226 3536 1386 3590 opera
1418 3537 1576 3590 agros
1616 3538 1740 3575 suos
1775 3525 2068 3590 receperat.
2111 3554 2174 3561 -—-
2210 3520 2293 3580 11.
2331 3520 2876 3573 Audieras—-non

544 3587 617 3643 du
655 3589 747 3651 ito,
784 3592 841 3642 te
876 3605 997 3643 vere
1031 3587 1326 3645 audivisse:
1362 3605 1489 3642 nam
1523 3589 1648 3650 scio,
1689 3590 1892 3643 famam
1924 3588 2026 3644 hoc
2058 3590 2361 3649 nuntiasse3
2433 3586 2538 3641 uod
2562 3588 2664 3641 sibi
2691 3586 2879 3641 volunt

544 3657 707 3710 verba
740 3664 798 3708 et
820 3658 1017 3724 fama
1035 3656 1203 3724 suit.
1256 3656 1490 3725 Simplex
1528 3658 1668 3710 enim
1697 3658 1771 3710 Co
1810 3657 1920 3718 ula,
1957 3656 2260 3711 affirmandi
2290 3671 2359 3724 qu
2433 3656 2592 3709 amvi
2612 3654 2875 3725 praedita,

543 3723 683 3779 haud
720 3739 840 3777 raro
886 3723 1092 3778 indicat
1136 3727 1381 3779 mutuam
1426 3724 1663 3794 aliquam
1703 3741 1766 3778 ve
1833 3726 2090 3794 temporis
2106 3765 2118 3789 ‚
2166 3723 2251 3777 vel
2297 3722 2438 3776 alius
2480 3720 2756 3777 cuiusdam
2800 3722 2876 3775 rei

543 3791 804 3845 rationem
842 3792 984 3846 inter
1020 3792 1154 3846 duas
1189 3793 1583 3847 enuntiationes
1617 3793 2067 3854 intercedentem:
2113 3807 2277 3861 quare
2311 3790 2477 3844 etiam
2512 3788 2874 3859 parenthsses‚

578 3874 679 3913 uae
712 3858 1017 3913 affimandi
1052 3862 1110 3913 et
1144 3859 1519 3930 comprobandi
1555 3875 1715 3914 causa
1751 3860 2056 3922 adduntur,
2108 3875 2265 3928 saepe
2309 3858 2414 3911 inci
2453 3858 2529 3919 it,
2574 3873 2624 3911 v.
2662 3874 2708 3912 c.
2745 3856 2873 3911 Geo.

605 3967 617 3987 ,
658 3929 771 3980 125.
807 3927 940 3980 Aen.
976 3927 1077 3990 111,
1115 3930 1231 3981 365.
1270 3932 1387 3982 615.
1423 3928 1516 3987 xl.
1554 3932 1669 3981 901.
1705 3926 1826 3981 Vid.
1865 3927 2054 3997 Wagn.
2093 3926 2190 3992 Qu.
2229 3926 2379 3989 virg.
2566 3924 2628 3977 V.
2665 3941 2718 3994 p.
2757 3929 2874 3979 561.

543 3999 599 4049 et
634 3994 699 4047 cf.
738 3993 903 4048 etiam
942 4010 1076 4064 quae
1114 3995 1182 4048 ad
1218 3994 1329 4049 Ecl.
1366 3996 1412 4056 1,
1449 4000 1530 4050 47.
1565 3995 1957 4049 adnotavimus.
1996 3995 2187 4064 Wagn.
2214 3996 2270 4047 et
2287 3994 2490 4061 Haupt.
2516 3996 2642 4063 post
2665 3992 2874 4045 Audie-

542 4079 640 4115 ηις
672 4061 887 4127 signum
921 4062 1287 4131 interrogandi
1324 4067 1554 4133 ponunt:
1595 4062 1734 4133 quod
1768 4066 1913 4117 recte
1948 4063 2220 4131 vituperat
2243 4060 2419 4116 Hand.
2459 4061 2514 4114 in
2539 4059 2766 4114 Tursell.
2802 4059 2873 4115 11.

544 4146 607 4249 g}
642 4132 760 4182 484.
803 4131 1087 4198 —sama
1126 4130 1291 4199 suit.
1361 4131 1447 4185 Sic
1489 4130 1620 4185 Aen.
1667 4129 1770 4191 VI,
1827 4133 1905 4185 14.
1950 4138 2010 4183 ut
2046 4133 2219 4198 fama
2256 4138 2351 4182 est.
2392 4128 2474 4183 Ne
2515 4170 2527 4183 .
2565 4127 2748 4182 Them.
2793 4131 2873 4183 10.

770 4205 935 4266 neque
957 4197 1143 4267 finisse
1161 4200 1408 4279 sumam,
1445 4214 1698 4253 veraenum
1734 4216 1835 4252 sua
1870 4205 2062 4269 sponte
2092 4198 2395 4268 sumsisse.
2502 4212 2545 4251 c.
2579 4194 2695 4250 har.
2727 4212 2873 4276 resp.

546 4268 626 4326 10,
662 4268 745 4319 20.
791 4272 855 4319 ut
870 4269 1044 4335 soena
1084 4267 1359 4320 hommum
1391 4274 1485 4321 eet.
1519 4266 1651 4320 Suet
1685 4265 1885 4320 Domit.
1925 4270 2007 4320 22.
2077 4265 2167 4317 Er
2396 4283 2538 4325 mna,
2769 4266 2871 4318 etc.

543 4361 608 4371 —
642 4329 726 4391 12.
761 4332 907 4388 Serv.
944 4336 1220 4405 comparat
1255 4333 1536 4388 notissima
1570 4333 1663 4388 illa
1697 4334 1863 4387 verba
1895 4334 2006 4388 Cic.
2044 4350 2123 4402 pr.
2210 4334 2220 4344 ”
2251 4374 2264 4387 .
2297 4338 2349 4388 4.
2375 4332 2543 4387 silent
2652 4349 2708 4386 es
2731 4331 2874 4385 inter

544 4418 721 4453 muz.
757 4429 825 4439 -
859 4409 1110 4455 nostra.
1181 4400 1264 4456 cf.
1300 4417 1464 4469 supra
1501 4400 1572 4456 ad
1617 4418 1668 4454 V.
1715 4404 1763 4454 2.
1800 4401 2011 4456 adnott.
2057 4433 2120 4441 ·-
2157 4399 2242 4460 13.
2280 4400 2516 4481 aquila
2549 4401 2865 4479 veniente,

545 4467 780 4521 irruente
813 4467 999 4523 hostili
1033 4473 1088 4524 et
1120 4468 1316 4523 infesto
1361 4469 1564 4524 animoz
1614 4470 1679 4524 ut
1719 4468 1851 4523 Aen.
1886 4469 1954 4533 X,
1990 4472 2107 4522 456.
2179 4470 2354 4523 Turne
2388 4468 2652 4522 venientu
2685 4468 2696 4480 ‘
2820 4486 2867 4522 o.

544 4532 627 4587 cf.
665 4533 848 4588 Burm.
890 4535 958 4590 ad
1008 4536 1062 4591 h.
1097 4537 1133 4591 1.
1170 4538 1227 4591 et
1259 4535 1327 4589 ad
1364 4535 1593 4591 Phaedr.
1628 4535 1679 4596 1,
1737 4538 1817 4590 21.
1858 4536 2259 4616 Obversabatur
2296 4538 2484 4606 poetae
2518 4485 2867 4598 Lucrffi,

546 4604 660 4653 751.
696 4607 1040 4672 &moraque
1074 4620 1180 4673 per
1221 4620 1393 4657 auras
1434 4604 1602 4658 Ae'n's
1645 4603 1914 4670 accipiter
1949 4605 2178 4672 fiaqtens
2217 4604 2460 4660 veniente
2502 4602 2763 4658 columba.
2803 4633 2869 4644 -
