3616 5026
520 248 599 309 58
1224 247 1297 313 Ρ.
1341 244 1713 314 VERGILI
1753 247 2149 316 MARONIS

519 507 646 589 Qui
688 509 964 578 Bavium
1007 535 1134 578 non
1178 510 1333 595 odit,
1379 429 1563 578 απιιίθῗ
1574 429 2054 598 lisangatrsnina,
2097 515 2335 601 Maevi‚
2781 532 2847 582 9ο

515 591 730 679 Atque
771 593 945 661 idem
984 597 1215 683 iungat
1255 595 1485 684 vulpes
1525 605 1588 661 et
1628 596 1915 683 mulgeat
1950 596 2185 666 hircos.

1448 730 1920 781 DAHOETA&

518 807 648 889 Qui
689 808 906 896 legitis
950 809 1142 876 flores
1186 819 1252 876 et
1292 812 1470 879 humi
1514 815 1851 879 nascentia
1889 814 2101 899 fraga,

514 893 845 979 Frigidae,
888 917 925 960 o
971 894 1174 980 pueri,
1216 897 1419 981 fugite
1461 895 1631 979 hinc,
1674 895 1834 962 latet
1873 899 2104 984 anguis
2146 902 2215 962 in
2256 896 2477 965 herba.

1455 1030 1909 1080 MENALcas.

512 1108 791 1191 Parcite,
831 1131 1006 1193 oves,
1047 1110 1314 1178 nimium
1355 1112 1742 1212 procedere3
1788 1135 1920 1178 non
1967 1113 2131 1180 bene
2171 1115 2355 1201 ripae

516 1190 851 1268 Creditum
894 1195 1038 1281 ipse
1076 1195 1247 1260 aries
1287 1204 1482 1262 etiam
1524 1218 1695 1262 nunc
1734 1195 1983 1262 vellera
2024 1198 2246 1263 siccat.
2780 1212 2846 1262 95

512 1442 715 1497 Colum.
760 1441 854 1508 XI,
906 1448 957 1498 3.
1013 1441 1111 1497 Cal
1147 1459 1266 1498 urn.
1313 1444 1426 1499 Ecl.
1476 1444 1569 1509 IV,
1616 1449 1698 1499 31.
1747 1445 1902 1501 Ovid.
1946 1445 2076 1501 Met.
2119 1444 2164 1507 Ι,
2220 1448 2331 1499 105.
2398 1445 2476 1500 Ut
2523 1446 2611 1499 hic
2652 1464 2849 1517 asper

511 1510 724 1589 dicitur,
764 1512 842 1565 sic
874 1512 1002 1568 Geo.
1039 1460 1146 1575 111¹?
1182 1515 1298 1593 316.
1338 1514 1568 1567 korrem
1599 1515 1655 1567 et
1688 1529 1772 1584 ap.
1808 1512 1963 1569 Ovid.
2005 1530 2065 1568 ex
2102 1513 2164 1568 P.
2204 1513 2296 1575 IV,
2335 1518 2384 1577 4,
2423 1517 2474 1567 4.
2511 1516 2700 1567 durus.
2761 1514 2845 1568 Cf.

511 1582 673 1633 etiam
711 1580 860 1633 elma
894 1580 1087 1633 rubeta
1122 1577 1298 1633 Ovidn
1330 1580 1462 1634 Met.
1503 1581 1546 1644 Ι,
1590 1585 1701 1634 105.
1741 1584 1797 1636 et
1939 1582 2025 1635 eri
2052 1589 2225 1635 sentos
2257 1581 2418 1645 Vera.
2455 1581 2588 1635 Aen.
2623 1581 2694 1641 11,
2724 1585 2842 1635 379.

511 1678 576 1687 —-
614 1664 920 1701 amomum
953 1646 1162 1701 fruticis
1197 1663 1366 1712 genus
1401 1647 1570 1701 Indici
1606 1649 1840 1703 fructum
1905 1665 2058 1703 erens
2091 1665 2225 1704 uvae
2251 1648 2477 1704 similem
2504 1652 2561 1703 et
2582 1648 2844 1703 laudatis-

511 1714 633 1768 simi
678 1713 872 1779 odoris,
915 1714 1056 1769 unde
1098 1718 1434 1783 unguentum
1473 1716 1917 1785 pretiosissimum
1951 1717 2140 1780 fiebam
2198 1716 2348 1770 illam
2384 1719 2566 1770 tamen
2604 1716 2842 1785 plantam

509 1781 693 1846 fuisse,
766 1799 891 1838 uam
930 1799 1029 1837 nos
1066 1783 1283 1851 Inqwer
1315 1799 1582 1847 vocamus,
1620 1783 1731 1837 noli
1765 1783 2107 1839 Billerbeckii
2150 1784 2310 1850 (Flor.
2349 1783 2507 1837 class.
2547 1801 2599 1853 p.
2643 1788 2664 1838 1
2706 1788 2844 1854 sqq.)

512 1849 747 1906 confiden
777 1852 859 1905 iae
895 1855 1093 1906 temere
1127 1851 1353 1915 credere,
1390 1868 1511 1906 cum
1544 1868 1610 1906 ne
1649 1852 1925 1922 Sprengel.
1962 1851 2175 1922 quidem
2210 1851 2280 1905 ad
2313 1851 2551 1905 Dioscor.
2590 1852 2633 1910 Ι.
2672 1854 2750 1905 14.
2790 1869 2842 1921 p.

510 1922 626 1973 351.
795 1962 805 1972 .
847 1919 979 1974 certi
1053 1918 1143 1973 uid
1179 1919 1396 1974 definire
1434 1919 1646 1974 audeat.
1718 1919 1945 1975 Praeter
1958 1920 2013 1973 h.
2039 1920 2214 1973 Diosc.
2239 1919 2276 1973 1.
2304 1919 2374 1972 cf.
2401 1920 2561 1973 etiam
2583 1918 2843 1987 Theophr.

509 1986 564 2041 h.
639 1935 794 2049 1..Ἦὲ
824 1990 873 2040 7.
909 1987 1034 2040 Stra
1076 2026 1088 2038 .
1115 1986 1256 2041 XVI.
1284 2006 1334 2058 p.
1359 1991 1474 2041 747.
1511 1986 1654 2041 Plin.
1679 1987 1800 2052 XII,
1830 1992 1907 2051 13,
1931 1991 2014 2041 28.
2051 1990 2107 2042 et
2139 1987 2280 2047 XVI,
2302 1989 2383 2042 32.
2404 1992 2487 2041 50.
2515 1989 2570 2040 et
2585 1986 2843 2040 Bernard.

510 2055 579 2109 ad
656 2053 916 2123 heophan.
954 2053 1128 2108 Noun.
1165 2057 1249 2109 29.
1284 2073 1337 2126 p.
1381 2059 1467 2110 181
1511 2072 1615 2176 sq}
1661 2054 1842 2109 Poetis
1877 2059 2061 2110 tamen
2143 2071 2200 2108 ro
2235 2055 2420 2124 quovis
2456 2057 2692 2108 aromate
2727 2054 2845 2109 lau-

508 2122 644 2177 tiore
673 2126 981 2192 usurpatur.
1049 2122 1133 2175 Cf.
1170 2122 1284 2178 Ecl.
1320 2123 1414 2187 I'V,
1451 2126 1535 2176 25.
1616 2139 1719 2177 ers.
1753 2122 1857 2187 111,
1901 2126 2013 2177 104.
2169 2121 2235 2175 ‘d.
2260 2138 2318 2176 ex
2338 2120 2400 2176 P.
2422 2122 2466 2185 Ι,
2491 2126 2540 2185 9,
2580 2126 2661 2175 51.
2699 2122 2842 2177 Mar·

509 2190 625 2244 tial.
662 2189 725 2249 V,
763 2193 847 2243 65.
886 2191 942 2244 et
974 2188 1195 2244 Salmas.
1233 2191 1417 2244 Exere.
1487 2189 1630 2244 Plin.
1674 2207 1729 2270 p.
1766 2194 1882 2244 284.
1918 2222 1985 2231 -
2019 2187 2108 2249 90.
2153 2189 2231 2243 De
2273 2204 2510 2243 connexu
2551 2190 2843 2244 sententia-

511 2274 628 2311 rum
664 2257 771 2312 vid.
817 2257 1027 2313 adnott.
1078 2257 1147 2311 ad
1193 2275 1239 2313 v.
1276 2261 1377 2313 88..
1414 2258 1480 2312 de
1518 2258 1737 2312 Bavao
1780 2261 1837 2312 et
1873 2258 2146 2311 Maenio
2195 2259 2404 2319 autem,
2454 2256 2843 2311 obscurissimis

510 2325 857 2445 pessimizgue
903 2325 1076 2395 poetis
1113 2328 1168 2379 et
1204 2326 1427 2395 Vergilii
1472 2341 1575 2379 non
1620 2325 1796 2379 minus
1842 2342 1999 2396 quam
2037 2324 2245 2379 Horatii
2287 2323 2528 2378 osoribus
2571 2327 2625 2379 et
2659 2324 2846 2379 adver·

510 2393 681 2458 sax-iis,
786 2391 1003 2448 eicherti
1040 2393 1184 2447 Diss.
1221 2393 1288 2448 de
1326 2394 1389 2460 Q.
1412 2393 1625 2448 Horatii
1656 2393 1833 2447 Flacci
1869 2392 2317 2447 obtrectatoribus
2352 2398 2399 2453 §-
2436 2395 2486 2445 6.
2522 2394 2577 2446 et
2612 2396 2679 2453 7.,
2717 2392 2845 2446 Rib-

510 2460 677 2516 beckii
711 2460 923 2529 Proleg.
959 2478 1013 2531 p.
1052 2464 1136 2516 96.
1177 2464 1235 2517 et
1269 2476 1403 2533 quae
1438 2461 1505 2517 ad
1543 2461 1654 2516 Ecl.
1682 2461 1745 2522 V,
1774 2464 1858 2515 36.
1895 2461 2285 2517 adnotavimus.
2320 2492 2387 2501 —
2422 2458 2507 2520 91.
2546 2460 2845 2530 Opponitur

509 2529 608 2583 hoc
639 2534 823 2583 votum
867 2529 1042 2584 versui
1084 2532 1166 2584 89.
1202 2529 1301 2584 hoc
1336 2546 1521 2585 sensu:
1589 2530 1664 2585 Ut
1707 2529 1787 2583 illi
1836 2530 2014 2584 omnia
2055 2529 2358 2584 felicissime
2400 2528 2716 2608 procedant,
2767 2530 2844 2583 sic

508 2597 634 2651 huic
666 2597 844 2652 omnia
877 2597 944 2651 ad
981 2596 1193 2652 irritum
1232 2598 1446 2660 cadant,
1487 2598 1621 2652 nihil
1655 2596 1722 2651 ad
1761 2597 2010 2651 effectum
2035 2596 2287 2651 adducat.
2337 2595 2517 2650 Minus
2535 2600 2678 2651 recte
2703 2597 2841 2650 enim

507 2664 702 2719 Wund.
746 2665 1038 2735 proverbiis
1075 2667 1307 2734 iunqat
1348 2667 1582 2736 vulpes
1623 2665 1691 2718 ad
1738 2666 2001 2720 arandum
2049 2665 2138 2728 (cf.
2185 2663 2392 2719 adnott.
2438 2663 2507 2716 ad
2543 2663 2655 2718 Ecl.
2691 2663 2840 2722 vm.

507 2736 611 2788 27.)
636 2740 697 2786 et
716 2733 1003 2801 mulgeat
1026 2734 1253 2787 hircos
1276 2733 1376 2788 hoc
1400 2736 1614 2788 tantum
1638 2735 1825 2787 votum
1849 2748 2152 2802 expressum
2180 2733 2384 2787 censet:
2421 2730 2567 2785 mala
2591 2731 2705 2800 ipse
2728 2747 2842 2784 car-

508 2802 654 2855 mina
668 2801 859 2862 faciat;
899 2801 1097 2855 rectius
1113 2817 1236 2855 vero
1253 2802 1445 2868 wag-n.
1474 2801 1573 2856 has
1598 2801 1962 2872 proverbiales
1978 2800 2271 2854 locutiones
2292 2799 2504 2853 omnino
2538 2814 2649 2853 rem
2685 2798 2843 2868 plane

507 2868 629 2990 ἓξὲξ
630 2868 905 2990 “¹332ss
908 2868 1395 2991 ⁸2ss2²¹52¹¹¹r14⁸¹¹ft⁸¹⁰
1413 2869 1581 2991 ‘332⁶‘
1607 2868 2064 2991 ἕῃῖἒέθέὣὶῗέ
2090 2867 2421 2989 θξοῗέῗξῗωο
2403 2869 2845 3000 ’Ἓῗίηῗᾞέἑ
2893 2879 2896 2886 ’

574 3008 640 3058 ῦν
656 3003 893 3064 ἐλαύνει,
921 3002 987 3058 de
1006 3020 1109 3072 quo
1134 3004 1201 3057 cf.
1229 2954 1439 3059 Eragini
1462 2979 1671 3072 Adagia
1703 3021 1757 3089 p.
1781 2977 1871 3064 1'9;
1909 3005 1966 3057 et
1987 2952 2205 3057 Luclian.
2232 3003 2288 3056 in
2312 3001 2428 3055 vita
2442 3001 2664 3056 Demon.
2689 3006 2737 3067 ς.
2758 3004 2840 3057 28.

609 3086 638 3125 c
670 3070 859 3125 habet:
901 3070 982 3127 Οὐ
1022 3071 1181 3125 δοκεῖ
1214 3071 1367 3142 ὑμῖν,
1404 3065 1447 3126 ὦ
1484 3076 1658 3143 φίλοι,
1695 3090 1726 3123 o
1752 3072 1861 3140 μὲν
1881 3071 2067 3140 ἕτερος
2085 3068 2301 3125 τούτων
2328 3067 2538 3142 τράγον
2562 3068 2599 3123 ἆ
2645 3072 2840 3137 ἐλγειν,

505 3138 535 3193 ὁ
572 3138 635 3191 δὲ
676 3139 826 3205 αὐτῷ
855 3135 1118 3194 κόσκινον
1141 3139 1505 3196 ὑποτιθέναι.
1542 3139 1625 3193 cui
1660 3138 1889 3193 similem
1922 3137 2099 3191 locum
2114 3137 2434 3192 Nazianzeni
2459 3136 2585 3191 addi
2635 3136 2842 3192 Erasm.

506 3207 546 3260 l.
582 3205 620 3260 l.
660 3223 711 3275 p.
747 3209 870 3261 293:
914 3209 1127 3278 ποιμὴν
1162 3206 1417 3278 ἀμέλγει,
1469 3210 1518 3261 εἰ
1558 3209 1736 3274 θέλει,
1781 3208 1877 3259 καὶ
1922 3207 2053 3268 τούς
2097 3204 2354 3274 τράγους,
2386 3204 2523 3259 ,Ἀλλ’
2568 3205 2696 3259 ἀντὶ
2735 3204 2843 3273 γά-

506 3276 706 3333 λακτος
740 3271 1001 3343 αἱμάτων
1037 3276 1223 3342 πηγάς
1247 3272 1388 3329 Saea.
1460 3274 1748 3329 Praeterea
1781 3273 1850 3327 cf.
1888 3272 2107 3327 Theocr.
2144 3272 2209 3332 V,
2239 3275 2320 3327 27.
2369 3301 2437 3312 -
2477 3268 2571 3332 92.
2600 3288 2662 3342 sq
2704 3314 2715 3326 .
2752 3272 2845 3326 Se-

506 3344 744 3412 quuntur
777 3342 1075 3396 sententiae
1106 3343 1305 3397 temere
1339 3344 1584 3413 arreptae
1597 3383 1609 3404 ,
1648 3345 1808 3411 prout
1851 3357 1907 3394 se
1941 3341 2169 3395 certanti
2204 3340 2493 3394 Damoetae
2530 3339 2689 3394 offere
2726 3342 2841 3394 ant.

505 3442 572 3451 —
606 3406 698 3469 93.
721 3410 1040 3479 friqidus
1073 3427 1156 3463 an
1207 3411 1312 3464 uio
1348 3426 1408 3464 ex
1444 3412 1641 3465 natura
1674 3425 1732 3464 se
1867 3411 2002 3472 tum,
2041 3411 2105 3461 ut
2137 3409 2280 3462 infra
2301 3407 2412 3461 Ecl.
2444 3406 2593 3470 Vm,
2623 3412 2706 3461 71.
2757 3408 2843 3461 Sic

504 3478 610 3531 iam
646 3476 882 3546 Theogn.
925 3479 1041 3532 602.
1076 3480 1132 3531 et
1163 3427 1383 3532 ffffieocr.
1417 3477 1533 3536 XV,
1571 3481 1653 3532 58.
1691 3482 1710 3543 (
1818 3492 1975 3547 quem
2008 3474 2047 3529 l.
2084 3475 2276 3530 Kiessl.
2315 3474 2506 3529 laudat
2538 3474 2711 3529 Schol.
2747 3475 2843 3528 Ni·

506 3543 686 3599 candri
723 3544 880 3599 Ther.
917 3547 1007 3598 291
1102 3550 1302 3606 κοινῶς
1333 3545 1397 3600 δὲ
1434 3544 1626 3599 πάντα
1660 3545 1730 3598 τὰ
1759 3544 1972 3614 ἑρπετὰ
2008 3543 2215 3613 ψεχρά)
2260 3544 2479 3613 ψιαρὸν
2501 3538 2665 3623 ,ἤφιν
2700 3558 2841 3596 com-

505 3617 819 3667 memorant.
890 3613 1137 3666 Ceterum
1175 3613 1629 3682 perturbationem
1667 3612 1832 3666 animi
1872 3614 1929 3666 et
1961 3611 2197 3665 numeris
2238 3611 2593 3680 anapaesticis
2636 3612 2693 3664 et
2723 3611 2842 3680 ipsa

504 3681 784 3802 {512me
819 3679 1569 3807 wtiffiifflfflffiz
1583 3681 1871 3818 {aaa
1905 3677 2843 3816 Ἑξεὲᾞξᾝῖἕῗὲωᾞ

504 3816 759 3871 torrentis
793 3815 911 3885 ripa
943 3818 1171 3878 revocat,
1212 3832 1278 3871 ne
1312 3832 1530 3871 arenoso
1568 3815 1680 3869 solo
1705 3816 1866 3870 friato
1893 3817 1948 3870 et
1968 3815 2255 3884 praerupto
2282 3812 2507 3868 eundem
2531 3827 2650 3867 cum
2674 3814 2840 3868 ariete

506 3900 689 3939 casnm
724 3900 752 3938 e
824 3884 1082 3944 oriantur,
1156 3884 1227 3946 ui,
1265 3884 1445 3953 paullo
1480 3886 1604 3938 ante
1638 3883 1692 3937 in
1727 3883 1902 3938 undas
1934 3882 2334 3953 praecipitatus,
2371 3881 2533 3935 etiam
2563 3896 2704 3935 nunc
2727 3898 2841 3936 ma-

508 3953 647 4006 deat.
683 3951 766 4006 Cf.
874 3967 1010 4005 eocr.
1046 3950 1110 4015 V,
1167 3957 1249 4005 00.
1276 3985 1339 3992 -
1367 3951 1639 4006 Parcite
1676 3969 1728 4006 o.
1753 3970 1810 4004 n.
1883 3951 2222 4008 rooedere.
2260 3951 2460 4011 cavete,
2494 3965 2564 4003 ne
2588 3950 2840 4018 proceda·-

506 4022 596 4080 tis,
634 4019 798 4074 nolite
832 4018 1129 4088 procedere,
1170 4035 1308 4073 oves.
1379 4020 1462 4073 cf.
1497 4019 1628 4076 Aen.
1665 4019 1767 4079 ΠΙ,
1797 3969 1883 4073 43.
1918 4034 2091 4088 parce
2127 4018 2397 4071 scelerare
2432 4034 2641 4071 manus.
2710 4017 2839 4072 Hor.

507 4087 606 4142 Od.
625 4087 725 4146 111,
765 4088 814 4150 8,
853 4089 937 4140 26.
1013 4103 1142 4139 arce
1174 4087 1397 4140 ninnivem
1425 4104 1631 4142 cavere.
1659 4086 1813 4141 Ovid.
1832 4086 1958 4140 Her.
1978 4084 2121 4148 XVI,
2147 4088 2261 4139 279.
2275 4102 2450 4156 parce
2486 4091 2838 4139 oonoenmere.

507 4154 619 4208 Liv.
657 4154 900 4219 XXXIV,
936 4156 967 4207 3
1005 4196 1018 4208 .
1054 4155 1184 4208 extr.
1217 4172 1390 4224 parce
1621 4156 1834 4208 iactare
1869 4155 1973 4208 etc.
2010 4168 2130 4207 cum
2153 4155 2285 4208 Aen.
2308 4153 2352 4216 1,
2388 4156 2506 4206 257.
2650 4170 2711 4207 ce
2733 4170 2840 4206 me-

507 4230 582 4282 tu,
618 4223 653 4275 i.
692 4239 738 4277 e.
773 4221 884 4276 noli
918 4225 1153 4276 metuere
1195 4223 1305 4288 (ubi
1342 4223 1392 4276 vi
1437 4263 1450 4276 .
1486 4222 1716 4277 adnotm
1758 4225 1816 4276 et
1849 4221 2115 4276 similibus
2148 4220 2297 4274 locis.
2367 4220 2507 4275 Hein
2543 4221 2584 4274 f.
2613 4220 2682 4274 ad
2707 4220 2838 4275 Hor.

509 4290 622 4344 Sat.
657 4289 729 4346 11.
767 4293 816 4352 2,
854 4293 938 4344 58.
983 4290 1195 4344 Dissen.
1240 4288 1307 4343 ad
1344 4290 1543 4346 Tibull.
1579 4290 1678 4352 III,
1725 4293 1772 4348 5,
1812 4292 1863 4343 6.
1900 4288 2066 4344 Orell.
2113 4288 2180 4343 ad
2216 4289 2344 4342 Hor.
2381 4288 2483 4343 Od.
2520 4287 2619 4350 ΙΠ,
2666 4291 2713 4348 8,
2752 4292 2836 4343 26.

508 4356 705 4412 Eodem
750 4357 905 4411 modo
947 4357 1133 4412 Graeci
1177 4360 1405 4412 utuntur
1447 4360 1607 4413 verbo
1650 4357 1980 4428 φείδεσθαι,
2038 4369 2110 4422 (v.
2156 4373 2202 4410 c.
2248 4356 2451 4426 φείδου
2494 4358 2839 4428 προελθεῖν).

509 4424 594 4478 Cf.
630 4424 882 4480 Iacobitz.
921 4426 988 4479 ad
1024 4425 1153 4479 Luc.
1193 4425 1352 4480 Char.
1391 4442 1436 4480 c.
1474 4431 1523 4480 5.
1561 4457 1625 4466 —
1659 4443 1787 4478 non
1823 4428 1973 4479 hene
2005 4426 2074 4479 ri
2126 4442 2201 4478 ae
2240 4425 2557 4479 creditur.
2603 4423 2835 4478 SicHor.

509 4492 673 4546 Serm.
714 4491 785 4550 11,
822 4497 871 4556 4,
910 4495 992 4546 21.
1029 4495 1221 4561 ῥιπῃίε
1257 4524 1279 4535 -
1316 4522 1339 4535 -
1372 4495 1505 4549 aliis
1534 4494 1675 4548 mle
1712 4495 1980 4546 creditur.
2130 4492 2198 4546 ·d.
2235 4493 2364 4547 Met.
2401 4490 2494 4555 IV,
2535 4494 2651 4546 729.
2719 4491 2842 4545 Neo

510 4559 708 4612 bibulis
750 4559 900 4613 ultra
940 4560 1174 4614 Pmevoe
1221 4562 1491 4617 talaribus
1531 4578 1700 4616 aumas
1744 4560 1981 4614 (Ji-edere
2026 4563 2126 4617 etc.
2203 4561 2286 4615 Cf.
2336 4560 2498 4614 etiam
2541 4560 2671 4614 Aen.
2714 4558 2834 4618 v11.

511 4630 595 4680 42.
631 4629 687 4680 et
720 4624 815 4691 lx,
852 4630 937 4681 92.
976 4659 1044 4669 -
1079 4627 1169 4688 95.
1206 4629 1349 4699 ipse
1386 4631 1591 4690 aries,
1633 4628 1723 4698 qui
1759 4631 1942 4683 tamen
1974 4627 2286 4697 prudentior
2310 4630 2410 4689 est,
2446 4643 2607 4697 quam
2630 4642 2740 4692 vos,
2783 4632 2838 4682 et
