3616 5026
548 207 628 270 48
1252 200 1325 266 P.
1374 198 1741 266 VERGILI
1780 198 2197 266 MARONIS.

552 365 946 454 Orpheaque
986 367 1056 431 in
1100 366 1313 432 medio
1408 367 1582 433 osuit
1624 364 1954 451 silvasque
1996 365 2355 453 sequentis3

548 448 839 514 Necdum
882 448 1013 515 illis
1055 448 1242 515 labra
1284 471 1325 513 a
1371 451 1565 530 movi,
1611 449 1725 515 sed
1768 447 2030 514 condita
2075 472 2281 514 servo.

548 532 618 597 Si
660 532 746 598 ad
784 532 1055 599 vitulam
1100 542 1377 619 spectas,
1422 531 1580 597 nihil
1627 544 1741 615 est,
1786 531 1958 620 quod
2002 532 2240 618 pocula
2283 529 2525 596 laudes

1484 664 1941 714 MENALcas

548 747 911 837 Numquam
953 747 1145 813 hodie
1188 749 1491 833 effugies3
1541 751 1818 830 veniam,
1865 769 2135 845 quocum
2184 769 2266 811 ue
2308 746 2586 811 vocaris.

548 832 793 898 Audiat
837 832 999 897 haec
1041 844 1288 896 tantum
1331 869 1415 879 —
1456 830 1561 896 vel
1605 835 1716 920 qui
1757 841 1937 895 vemt
1982 852 2131 894 ecce
2231 830 2544 895 alaemon.
2825 840 2889 887 50

547 1083 732 1136 affere,
781 1064 924 1134 apud
962 1062 1115 1118 ovid.
1154 1064 1287 1118 Met.
1323 1063 1451 1125 XII,
1491 1065 1607 1117 528.
1654 1064 1860 1117 civ-omn
1897 1079 2097 1117 sonare
2130 1066 2234 1116 etc.
2306 1061 2385 1115 De
2420 1076 2536 1115 com
2634 1061 2711 1113 ito
2749 1059 2887 1113 enim

548 1135 709 1189 verbo
743 1132 1207 1201 circumamplecti
1237 1131 1323 1185 hic
1359 1131 1468 1185 noli
1505 1146 1564 1185 co
1606 1131 1757 1185 ‘tare
1830 1131 1914 1184 Cf.
1952 1130 2164 1185 adnott.
2202 1129 2272 1183 ad
2295 1129 2429 1183 Aen.
2464 1127 2505 1182 1.
2555 1168 2567 1180 .
2638 1127 2888 1181 Ceterum

545 1201 737 1270 Wagn.
775 1200 895 1254 Vol.
927 1199 992 1252 V.
1032 1200 1247 1279 scripsit
1277 1201 1546 1253 circum-st.
1636 1200 1709 1252 id.
1747 1213 1911 1267 supra
1948 1198 2016 1252 ad
2053 1198 2165 1251 Ecl.
2203 1198 2276 1259 Π,
2304 1201 2386 1251 70.
2422 1228 2490 1237 -
2523 1211 2725 1250 ansae
2759 1213 2888 1248 am-

584 1270 789 1335 lexnn,
823 1267 1193 1331 circumdedit,
1232 1267 1395 1321 cinxit
1428 1282 1607 1320 ansas.
1672 1266 1754 1320 cf.
1795 1272 2011 1335 praeter
2044 1266 2308 1320 Aeneidos
2340 1264 2380 1318 1.
2415 1264 2456 1318 l.
2503 1262 2687 1318 Plaut.
2728 1262 2885 1331 Capt.

536 1287 647 1400 ῩΙΙ,
684 1340 733 1399 4,
775 1339 889 1389 120.
928 1338 1211 1406 compedes
1246 1336 1643 1405 amplectuntur
1680 1350 1866 1387 σανα.
1936 1332 2077 1387 Plin.
2115 1334 2221 1459 1316
2252 1333 2320 1395 X,
2360 1338 2443 1387 75.
2489 1332 2611 1400 Eyo
2650 1347 2714 1383 co
2753 1330 2890 1382 ito--

549 1421 666 1457 eum
709 1404 887 1457 locum
911 1432 941 1444 -
963 1432 982 1442 ·
1009 1406 1211 1457 esaim
1255 1411 1308 1456 et
1341 1402 1646 1472 porticibus
1691 1402 1964 1472 amplecti.
2013 1433 2079 1440 —
2226 1441 2238 1453 .
2302 1401 2381 1454 De
2423 1399 2573 1453 silvis
2618 1398 2728 1466 Orp
2768 1413 2887 1450 eum

548 1475 827 1525 canentem
872 1471 1071 1526 secutis
1107 1470 1177 1524 cf.
1214 1478 1426 1539 praeter
1460 1469 1755 1539 Vergilium
1798 1470 1974 1539 ipsum
2020 1468 2154 1536 (Ecl.
2195 1468 2353 1527 Vm,
2393 1473 2475 1521 55.
2531 1469 2585 1520 et
2629 1466 2755 1519 Geo.
2793 1465 2886 1529 IV,

547 1542 647 1592 453
681 1544 821 1608 sqq.)
858 1539 1104 1608 Apollon.
1140 1538 1193 1599 I,
1231 1542 1296 1590 26
1332 1553 1447 1659 ⁸}sp
1487 1538 1615 1592 Hor.
1652 1537 1752 1592 Od.
1791 1538 1835 1597 1.
1881 1540 1960 1599 12,
2002 1541 2029 1589 7
2068 1553 2147 1607 sq.
2203 1535 2358 1591 Ovid.
2395 1535 2527 1589 Met.
2564 1534 2629 1597 X,
2671 1538 2735 1588 86
2771 1551 2886 1604 sqq.

548 1605 737 1660 Claud.
777 1606 843 1660 de
878 1613 1020 1687 rapt.
1058 1605 1209 1660 Pros.
1284 1620 1374 1660 rae
1403 1646 1415 1658 .
1452 1606 1492 1660 l.
1529 1606 1601 1669 11,
1639 1608 1698 1659 21
1744 1621 1861 1674 sqq.
1898 1636 1964 1645 ·-
2008 1603 2102 1663 47.
2141 1605 2381 1658 Iteratur
2416 1619 2468 1656 v.
2505 1607 2609 1665 43„
2646 1606 2710 1655 ut
2745 1600 2887 1655 haud

549 1689 668 1728 raro
703 1673 757 1727 in
792 1675 1062 1729 carmibus
1094 1688 1244 1728 amoe
1283 1674 1410 1727 aeis.
1480 1672 1603 1726 Vid.
1640 1672 1784 1726 infra
1808 1688 1860 1724 v.
1906 1676 2018 1727 104.
2056 1676 2112 1727 et
2145 1676 2258 1725 106.
2299 1676 2356 1725 et
2423 1686 2522 1724 uae
2562 1670 2628 1724 de
2665 1670 2889 1738 integris

546 1741 790 1796 versibus
825 1742 966 1812 apud
1004 1740 1301 1809 Vergilium
1338 1740 1546 1795 duobus
1580 1741 1892 1810 pluribusve
1936 1739 2068 1793 locis
2111 1739 2355 1809 repetitis
2431 1738 2443 1750 ’
2474 1736 2781 1806 putavimus
2820 1737 2889 1790 ad

548 1808 662 1864 Ecl.
700 1809 772 1873 V,
813 1814 895 1864 37.
968 1808 1244 1864 Sententia
1286 1808 1415 1863 haec
1458 1812 1567 1863 est:
1629 1807 1808 1862 Etiam
1851 1806 1984 1861 mihi
2024 1811 2152 1861 sunt
2186 1806 2292 1861 duo
2323 1804 2515 1875 pocula
2558 1804 2668 1857 tuis
2722 1804 2890 1857 simil-

547 1877 703 1942 lima,
750 1893 885 1948 quae
927 1877 973 1930 si
1016 1877 1299 1931 voluissem
1312 1917 1325 1939 ,
1371 1876 1679 1932 certaminis
1725 1876 2021 1945 praemium
2067 1875 2358 1945 potuissem
2400 1887 2705 1943 proponere.
2784 1871 2887 1925 Sed

546 1948 661 1999 tam
695 1945 801 2000 vile
871 1945 1031 2014 ignus
1065 1959 1343 2014 respuens,
1384 1959 1601 1999 vaccam
1640 1943 1883 2013 deposui,
1930 1959 2050 1997 cum
2087 1959 2193 2013 qua
2226 1943 2535 2011 comparata
2569 1938 2760 2009 pocula
2793 1944 2889 1992 tua

546 2013 737 2067 iacent.
858 2028 986 2066 uare
1009 2012 1226 2067 fortuna
1249 2011 1463 2067 favente
1491 2027 1708 2066 vaccam
1733 2014 2122 2081 reportaturus,
2160 2026 2266 2063 non
2301 2016 2400 2074 est,
2439 2025 2535 2063 eur
2558 2007 2746 2062 multis
2769 2022 2886 2060 ver-

547 2081 631 2134 bis
663 2080 760 2135 illa
795 2080 1088 2150 praedices.
1163 2081 1239 2132 δι’
1272 2082 1362 2133 ad
1392 2080 1671 2134 vitulam
1700 2085 1980 2149 spectas,
2015 2078 2052 2131 i.
2080 2095 2125 2133 e.
2166 2078 2213 2131 si
2246 2076 2465 2140 vitulae,
2501 2076 2605 2129 mei
2629 2074 2885 2195 pignori&

547 2148 806 2203 rationem
843 2148 1035 2211 habes3
1075 2163 1200 2202 nam
1231 2155 1477 2217 spectare
1498 2149 1580 2201 ad
1612 2147 1835 2215 aliquid
1864 2146 2011 2201 valet
2045 2146 2268 2200 intentis
2303 2143 2471 2198 oculis
2504 2142 2670 2212 aliqui
2741 2142 2861 2196 intu

548 2216 639 2277 eri,
676 2217 897 2286 ideoque
931 2216 1094 2270 etiam
1130 2216 1363 2283 cogitare
1399 2214 1484 2269 vel
1522 2215 1625 2268 sibi
1649 2229 1938 2284 proponere
1961 2213 2164 2283 aliquid
2187 2210 2603 2282 assequendum3
2640 2214 2704 2263 ut
2729 2210 2885 2264 Varr.

548 2283 611 2336 R.
650 2283 714 2336 R.
752 2287 807 2347 3,
850 2287 900 2337 6.
976 2283 1227 2362 Pavones
1430 2284 1441 2295 “
1505 2299 1561 2336 es
1607 2298 1718 2335 esee
1762 2283 1955 2362 debent
1994 2298 2172 2335 mares
2206 2298 2370 2363 quam
2440 2280 2671 2344 minae,
2720 2279 2891 2357 ssi-ad

542 2352 790 2420 fivctmn
810 2359 1039 2422 apeme&
1060 2350 1169 2404 Cic.
1192 2366 1245 2402 m
1319 2354 1396 2403 at.
1425 2353 1503 2423 10,
1524 2352 1607 2404 24.
1644 2349 1683 2402 Ι
1714 2366 1771 2403 ee
1794 2352 1876 2403 ad
1895 2356 2244 2419 imperatoris
2267 2349 2327 2402 la
2484 2364 2523 2400 a
2541 2361 2721 2417 puero
2738 2347 2885 2398 vade-

547 2419 672 2473 licet
703 2428 1004 2490 spectas-as.
1066 2418 1221 2472 Ovid.
1256 2418 1388 2473 Met.
1427 2419 1471 2474 l.
1511 2420 1627 2472 628.
1816 2418 2004 2470 citer-at
2110 2432 2353 2484 ocunque
2384 2417 2570 2483 modo,
2675 2414 2888 2466 ectabat

548 2488 629 2541 acl
657 2486 757 2541 Io·
814 2489 955 2541 Ante
996 2485 1185 2541 acidos
1228 2485 1319 2554 Io,
1366 2486 1613 2556 quamvis
1654 2501 1900 2552 aversus,
1950 2435 2194 2539 lingbu&
2266 2482 2370 2548 (Cf.
2416 2482 2580 2538 etiam
2659 2481 2777 2535 ach.
2815 2479 2883 2535 ad

548 2554 701 2610 ovid.
733 2528 873 2608 'Meu
920 2554 971 2616 Ι,
1011 2557 1151 2610 767.)
1228 2553 1374 2619 Quae
1413 2555 1590 2609 locum
1635 2569 1663 2608 e
1732 2552 1930 2607 licandi
1974 2553 2112 2607 ratio
2159 2551 2312 2608 mihi.
2341 2553 2443 2605 sim
2480 2550 2631 2605 licior
2672 2550 2888 2603 videtur

548 2623 743 2686 altera,
799 2638 834 2676 a
866 2621 1081 2682 Burin..
1118 2621 1288 2702 Heyn.
1326 2621 1524 2692 Spohn.
1572 2624 1628 2676 et
1738 2636 1862 2690 agn.
1909 2621 1964 2674 in
2008 2620 2137 2674 edit.
2182 2619 2311 2673 min.
2356 2635 2453 2689 pro
2510 2621 2597 2682 ta,
2653 2617 2741 2687 qui
2787 2616 2887 2670 viri

550 2691 691 2744 docti
726 2690 908 2759 paullo
947 2690 1284 2744 artificiosius
1319 2690 1483 2744 verba
1515 2690 1596 2743 ita
1633 2693 2028 2742 construentes:
2064 2689 2117 2741 si
2143 2687 2359 2758 pocula
2462 2694 2607 2739 eccas
2639 2687 2720 2738 ad
2751 2684 2887 2737 vitu-

551 2759 679 2825 lam,
713 2757 860 2812 nihil
895 2766 973 2812 eet
1005 2760 1157 2827 quod
1188 2759 1383 2812 laudes
1443 2758 1636 2827 Praep.
1677 2758 1765 2810 ad
1800 2772 1922 2810 cum
1956 2756 2010 2809 vi
2043 2771 2158 2809 com
2197 2753 2383 2809 arandi
2459 2754 2619 2807 'ctam
2653 2753 2887 2812 censent,

555 2826 642 2890 (de
681 2841 786 2895 qua
820 2827 890 2879 cf.
930 2825 1157 2880 Gronov.
1196 2826 1354 2880 Obss.
1392 2799 1482 2884 IV,
1522 2829 1571 2878 6.
1608 2841 1661 2893 p.
1689 2827 1805 2878 581.
1848 2823 1930 2877 ed.
1967 2822 2115 2892 Lips.
2189 2822 2331 2876 arth.
2369 2821 2438 2876 ad
2474 2821 2648 2876 Gratii
2686 2820 2888 2888 Cyneg.

554 2897 669 2946 211.
707 2900 763 2947 et
797 2909 929 2964 quos
965 2893 1141 2947 Hand.
1178 2893 1232 2946 in
1268 2892 1497 2947 Tursell.
1537 2893 1580 2946 l.
1617 2909 1671 2962 p.
1720 2896 1813 2945 104
1850 2908 1929 2960 sq.
1974 2890 2206 2954 laudat.)
2241 2921 2304 2930 —
2365 2887 2457 2948 49.
2531 2888 2891 2956 Numquam

550 2962 749 3015 hodie
785 2962 1112 3030 effuyies,
1165 2961 1313 3031 quasi
1354 2960 1642 3014 Damoetas
1684 2962 2027 3013 contemnens
2107 2959 2363 3012 raemium
2403 2973 2437 3011 a
2469 2955 2714 3010 Menalca
2753 2955 2890 3024 posi-

553 3031 670 3082 tum
693 3031 964 3083 certamen
989 3028 1160 3082 vitare
1184 3027 1364 3083 vellet.
1400 3028 1636 3081 Macrob.
1673 3027 1785 3081 Sat.
1814 3026 1906 3088 VI,
1937 3031 2047 3079 106.
2136 3026 2272 3080 aevii
2308 3025 2485 3078 locum
2520 3022 2643 3077 huic
2677 3038 2890 3091 compa-

552 3100 662 3150 rat:
709 3097 769 3149 N
970 3114 1023 3150 m
1060 3098 1223 3149 hodie
1266 3096 1513 3168 effuyiee,
1554 3096 1687 3164 quin
1721 3111 1842 3148 mea
1876 3111 2039 3147 ‚nanu
2075 3093 2342 3160 moriare,
2389 3090 2529 3162 quod
2564 3091 2760 3144 Wund.
2797 3091 2891 3142 ob-

552 3168 748 3227 servat,
786 3163 855 3217 ad
896 3180 991 3218 ens
1024 3163 1182 3232 Prop.
1224 3163 1296 3227 11,
1334 3166 1381 3225 8,
1420 3167 1502 3216 25.
1540 3166 1611 3228 (7,
1652 3164 1759 3216 87.)
1831 3161 1947 3215 Sea
1981 3178 2090 3213 non
2127 3162 2366 3240 effuqies.
2403 3177 2606 3213 meacm
2631 3158 2892 3212 moriaris

554 3239 781 3303 oportet.
820 3263 885 3271 —
921 3230 1307 3300 Numquam,
1357 3230 1574 3298 gravius
1616 3228 1846 3300 simplici
1883 3229 2190 3296 negatione,
2235 3245 2272 3281 1.
2350 3269 2362 3281 .
2409 3226 2559 3281 nullo
2595 3228 2777 3307 pactoe
2825 3228 2890 3278 ut

552 3300 683 3354 Aen.
720 3299 793 3362 II,
817 3302 934 3352 670.
972 3298 1285 3367 Numquam
1311 3315 1489 3352 omne-s
1520 3298 1685 3351 leodic
1715 3298 2009 3351 moriemm·
2048 3297 2227 3350 inulti.
2402 3297 2484 3348 ut.
2524 3296 2675 3348 Asin.
2710 3293 2810 3356 111,
2840 3296 2888 3354 3,

552 3371 636 3420 40.
680 3368 790 3425 Qui
821 3366 988 3420 hodie
1023 3383 1313 3435 mnnqaam
1350 3367 1431 3419 ad
1457 3382 1734 3436 vesperum
1769 3365 1967 3418 vivam.
2001 3363 2119 3418 Ter.
2155 3363 2373 3418 Phorm.
2423 3363 2487 3427 V,
2515 3365 2562 3426 3,
2590 3365 2674 3415 22.
2720 3361 2890 3414 Num·

553 3435 979 3555 φιωηηεήἠοᾶιζξε
1016 3436 1272 3486 concede-⁹
1306 3433 1578 3553 mihim&
1741 3431 1922 3554 ignotell
1955 3430 2444 3554 6⁸3H3udsid.T†1del
2479 3429 2671 3552 hg,
2709 3431 2766 3492 2,
2804 3430 2888 3550 ἐξ.

552 3518 862 3555 vermo
1012 3517 1477 3570 numquammon
1631 3516 1823 3554 oe.
1978 3538 1990 3550 .
2218 3515 2510 3553 irse.

552 3569 798 3623 Gebauer
832 3569 875 3623 I.
914 3586 966 3638 p.
1005 3572 1088 3623 31.
1129 3570 1404 3637 comparat
1436 3567 1654 3621 Theocr.
1698 3566 1847 3629 VIII,
1881 3570 1960 3620 10.
2002 3571 2058 3620 et
2096 3570 2174 3620 15.
2211 3564 2429 3621 οὔποτε.
2466 3597 2532 3606 -
2567 3513 2889 3632 „vegiarm

553 3652 952 3706 quocumque
1005 3637 1298 3690 vocaris:
1354 3634 1670 3690 descendam
1714 3634 1782 3688 ad
1828 3633 2007 3688 omnia
2085 3635 2237 3689 navis
2281 3634 2578 3688 conditione
2620 3631 2893 3712 proposita

551 3704 794 3768 certab03
832 3704 988 3757 modo
1015 3704 1218 3758 arbiter
1243 3703 1549 3756 certaminis
1572 3701 1773 3756 adsit.“
1810 3702 1988 3770 Heyn.
2050 3650 2274 3756 ¹§cilicet
2295 3702 2572 3756 victoriam
2597 3700 2892 3754 certissime

554 3787 773 3841 sperans
812 3771 977 3825 audet
1013 3774 1069 3826 et
1101 3772 1213 3841 ipse
1249 3769 1477 3824 vitulam
1511 3785 1720 3840 ponere,
1758 3785 1918 3839 quam
1953 3785 2055 3823 non
2094 3770 2206 3824 sine
2240 3785 2448 3825 summo
2472 3767 2706 3839 periculo
2732 3767 2891 3820 amit·

554 3843 717 3901 teret,
779 3854 900 3892 cum
944 3842 1098 3908 pater
1141 3845 1196 3892 et
1243 3837 1447 3892 iniusta
1488 3852 1712 3891 noverca
1755 3837 1841 3890 bis
1884 3836 1969 3890 die
2014 3844 2299 3892 numerent
2338 3853 2499 3906 pecus
2546 3849 2618 3892 (v.
2666 3838 2728 3888 33
2765 3836 2889 3905 qu.

554 3906 752 3976 Spohn.
786 3905 919 3960 haec
953 3907 1116 3961 verba
1157 3907 1334 3959 minus
1378 3910 1522 3959 recte
1564 3904 1633 3959 ad
1677 3905 1856 3973 ipsum
1891 3909 2184 3969 certamen,
2229 3922 2334 3960 non
2378 3905 2446 3960 ad
2490 3905 2685 3974 pignus
2721 3909 2893 3957 certa-

556 3974 714 4028 minis
748 3972 934 4028 refert.
1005 3974 1251 4028 Ceterum
1285 3973 1449 4027 verba
1482 3973 1709 4038 veniam,
1736 3989 2068 4042 quocumque
2091 3975 2310 4027 vocaris
2346 3974 2612 4028 iterantur
2644 3973 2697 4026 in
2722 3970 2889 4024 Anth.

555 4042 677 4096 Lat.
714 4040 901 4094 Burm.
938 4041 990 4104 I,
1033 4045 1151 4096 147.
1194 4045 1276 4092 37.
1315 4043 1371 4093 et
1405 4039 1513 4104 ΠΙ,
1552 4043 1642 4100 81,
1683 4044 1763 4093 70.
1837 4040 1920 4094 cf.
1959 4041 2123 4094 etiam
2160 4041 2414 4112 Calpurn.
2452 4041 2498 4100 Ι.
2541 4045 2620 4094 13.
2745 4057 2777 4091 0
2809 4055 2894 4091 me

555 4125 778 4178 cumque
812 4125 986 4190 voces,
1022 4127 1051 4162 e
1189 4125 1238 4161 r.
1274 4139 1339 4147 -
1382 4105 1476 4167 50.
1523 4108 1777 4162 Audiat
1811 4109 1968 4162 haec
2003 4115 2251 4162 tantum
2282 4141 2348 4150 —
2385 4108 2601 4163 volebat
2635 4123 2698 4160 ιιι
2735 4106 2892 4160 iicere

554 4193 742 4231 nomen
780 4178 1012 4256 pastoris
1101 4176 1285 4234 leuius.
1326 4174 1415 4243 qui
1449 4175 1671 4229 idoneus
1705 4176 1909 4230 arbiter
1953 4177 2258 4230 certaminis
2298 4180 2467 4240 esset,
2520 4190 2743 4255 cumque
2791 4175 2891 4227 cir-

554 4244 924 4312 cumspicienti
961 4260 1015 4299 se
1051 4243 1263 4297 offerret
1286 4241 1590 4306 Palaemon,
1628 4243 1729 4295 vel
1764 4244 1855 4296 hic
1888 4243 2264 4311 Palaemon,
2300 4261 2366 4315 pe
2436 4245 2494 4308 't‚
2532 4244 2744 4309 audeat,
2782 4242 2895 4311 qui

553 4327 698 4365 ecce
736 4312 933 4365 venit.
988 4311 1071 4366 Cf.
1109 4309 1328 4364 Theocr.
1368 4309 1430 4368 V.
1469 4314 1526 4364 61
1557 4326 1706 4391 μιᾳ..
1742 4310 1911 4390 (YIII,
1940 4315 2013 4391 ‚25
2049 4314 2186 4381 sqq.)
2231 4316 2286 4367 et
2321 4312 2399 4368 Ge
2437 4327 2565 4366 aner
2598 4310 2644 4364 Ι.
2723 4351 2733 4361 .
2772 4312 2888 4364 206.

553 4409 619 4419 —
648 4379 817 4498 ‘giem
844 4378 880 4433 S
918 4379 1041 4501 0113.
1069 4378 1405 4457 Palaemonis
1393 4392 1640 4500 bggffiitrze
1665 4378 1954 4499 silpmficgdri
1980 4379 2295 4458 suspicetur,
2336 4379 2566 4459 vidimus
2587 4378 2641 4432 in
2665 4326 2715 4498 ,ξ
2856 4416 2888 4497 d.

556 4451 716 4567 ffiibje
740 4449 1263 4595 'iiotatjlgdepfficuaffi
1288 4460 1516 4593 ι’ξιῖοςιιι
1549 4461 1850 4582 αοὲιιίοειξιοιι
1885 4445 2566 4594 νοῗθῖξιξίιὲἰίιιὲἷιιΡέωῴᾶαέὲιῦ
2574 4460 2889 4574 ᾶῖξίᾶωέἓε,

556 4580 649 4635 sed
685 4577 773 4631 vel
805 4578 904 4634 boc
950 4581 1122 4635 iudice
1164 4580 1229 4635 de
1268 4583 1489 4634 victoria
1530 4595 1647 4635 esse
1690 4583 1963 4640 certum;“
2016 4596 2099 4635 em
2140 4585 2283 4637 recte
2321 4583 2533 4637 videtur
2566 4580 2757 4649 Wagn.
2799 4595 2893 4648 op·
