<?xml version="1.0" encoding="UTF-8"?>
<!DOCTYPE html PUBLIC "-//W3C//DTD XHTML 1.0 Transitional//EN"
    "http://www.w3.org/TR/xhtml1/DTD/xhtml1-transitional.dtd">
<html xmlns="http://www.w3.org/1999/xhtml" xml:lang="en" lang="en">
 <head>
  <title>
</title>
<meta http-equiv="Content-Type" content="text/html;charset=utf-8" />
  <meta name='ocr-system' content='tesseract 3.04.00' />
  <meta name='ocr-capabilities' content='ocr_page ocr_carea ocr_par ocr_line ocrx_word'/>
</head>
<body>
  <div class='ocr_page' id='page_1' title='image "./pvergilimaronis16virggoog_0072.png"; bbox 0 0 3616 5026; ppageno 0'>
   <div class='ocr_carea' id='block_1_1' title="bbox 544 203 2167 275">
    <p class='ocr_par' dir='ltr' id='par_1_1' title="bbox 544 203 2167 275">
     <span class='ocr_line' id='line_1_1' title="bbox 544 203 2167 275; baseline -0.002 -1"><span class='ocrx_word' id='word_1_1' title='bbox 544 211 624 274; x_wconf 82' lang='lat'><strong>62</strong></span> <span class='ocrx_word' id='word_1_2' title='bbox 1228 208 1301 275; x_wconf 91' lang='grc' dir='ltr'><strong>Ρ.</strong></span> <span class='ocrx_word' id='word_1_3' title='bbox 1348 203 1720 274; x_wconf 84' lang='lat' dir='ltr'><strong>VERGILI</strong></span> <span class='ocrx_word' id='word_1_4' title='bbox 1761 204 2167 272; x_wconf 80' lang='lat' dir='ltr'>MARONIS</span> 
     </span>
    </p>
   </div>
   <div class='ocr_carea' id='block_1_2' title="bbox 534 371 2271 461">
    <p class='ocr_par' dir='ltr' id='par_1_2' title="bbox 534 371 2271 461">
     <span class='ocr_line' id='line_1_2' title="bbox 534 371 2271 461; baseline 0.001 -24"><span class='ocrx_word' id='word_1_5' title='bbox 534 371 835 438; x_wconf 82' lang='lat' dir='ltr'><strong>Claudite</strong></span> <span class='ocrx_word' id='word_1_6' title='bbox 878 372 1011 437; x_wconf 90' lang='lat' dir='ltr'><strong>iam</strong></span> <span class='ocrx_word' id='word_1_7' title='bbox 1054 374 1252 456; x_wconf 76' lang='lat' dir='ltr'><strong>rivoS,</strong></span> <span class='ocrx_word' id='word_1_8' title='bbox 1296 374 1520 461; x_wconf 80' lang='lat' dir='ltr'><strong>pueri3</strong></span> <span class='ocrx_word' id='word_1_9' title='bbox 1565 383 1668 439; x_wconf 89' lang='lat' dir='ltr'><strong>sat</strong></span> <span class='ocrx_word' id='word_1_10' title='bbox 1710 383 1905 461; x_wconf 87' lang='lat' dir='ltr'><strong>prata</strong></span> <span class='ocrx_word' id='word_1_11' title='bbox 1948 372 2271 439; x_wconf 89' lang='lat' dir='ltr'><strong>biberunt.</strong></span> 
     </span>
    </p>
   </div>
   <div class='ocr_carea' id='block_1_3' title="bbox 542 516 955 526">
    <p class='ocr_par' dir='ltr' id='par_1_3' title="bbox 542 516 955 526">
     <span class='ocr_line' id='line_1_3' title="bbox 542 516 955 526; baseline 0 0"><span class='ocrx_word' id='word_1_12' title='bbox 542 516 955 526; x_wconf 95' lang='lat' dir='ltr'><strong> </strong></span> 
     </span>
    </p>
   </div>
   <div class='ocr_carea' id='block_1_4' title="bbox 522 585 2879 4650">
    <p class='ocr_par' dir='ltr' id='par_1_4' title="bbox 522 585 2879 4047">
     <span class='ocr_line' id='line_1_4' title="bbox 533 585 2875 662; baseline -0 -22"><span class='ocrx_word' id='word_1_13' title='bbox 533 587 717 649; x_wconf 83' lang='lat' dir='ltr'><strong>vitate,</strong></span> <span class='ocrx_word' id='word_1_14' title='bbox 758 588 933 658; x_wconf 86' lang='lat' dir='ltr'><strong>quivis</strong></span> <span class='ocrx_word' id='word_1_15' title='bbox 969 588 1105 642; x_wconf 87' lang='lat' dir='ltr'><strong>alius</strong></span> <span class='ocrx_word' id='word_1_16' title='bbox 1145 593 1242 643; x_wconf 84' lang='lat' dir='ltr'><strong>aut</strong></span> <span class='ocrx_word' id='word_1_17' title='bbox 1278 594 1483 645; x_wconf 88' lang='lat' dir='ltr'><strong>metum</strong></span> <span class='ocrx_word' id='word_1_18' title='bbox 1521 594 1577 645; x_wconf 85' lang='lat' dir='ltr'><strong>et</strong></span> <span class='ocrx_word' id='word_1_19' title='bbox 1614 589 2032 644; x_wconf 88' lang='lat' dir='ltr'><strong>sollicitudinem</strong></span> <span class='ocrx_word' id='word_1_20' title='bbox 2070 590 2125 642; x_wconf 90' lang='lat' dir='ltr'><strong>in</strong></span> <span class='ocrx_word' id='word_1_21' title='bbox 2162 603 2341 641; x_wconf 88' lang='lat' dir='ltr'><strong>amore</strong></span> <span class='ocrx_word' id='word_1_22' title='bbox 2380 585 2533 640; x_wconf 81' lang='lat' dir='ltr'><strong>felice</strong></span> <span class='ocrx_word' id='word_1_23' title='bbox 2557 587 2659 638; x_wconf 90' lang='lat' dir='ltr'><strong>etc.</strong></span> <span class='ocrx_word' id='word_1_24' title='bbox 2685 585 2787 662; x_wconf 46' lang='lat' dir='ltr'><strong>·(cf.</strong></span> <span class='ocrx_word' id='word_1_25' title='bbox 2826 601 2875 639; x_wconf 83' lang='lat' dir='ltr'><strong>v.</strong></span> 
     </span>
     <span class='ocr_line' id='line_1_5' title="bbox 537 652 2875 722; baseline -0.002 -15"><span class='ocrx_word' id='word_1_26' title='bbox 537 659 655 719; x_wconf 75' lang='lat'><strong>74.›‚</strong></span> <span class='ocrx_word' id='word_1_27' title='bbox 698 662 796 709; x_wconf 86' lang='lat' dir='ltr'><strong>aut</strong></span> <span class='ocrx_word' id='word_1_28' title='bbox 829 657 1130 711; x_wconf 87' lang='lat' dir='ltr'><strong>amaritiem</strong></span> <span class='ocrx_word' id='word_1_29' title='bbox 1168 662 1221 710; x_wconf 86' lang='lat' dir='ltr'><strong>et</strong></span> <span class='ocrx_word' id='word_1_30' title='bbox 1257 673 1411 712; x_wconf 87' lang='lat' dir='ltr'><strong>curas</strong></span> <span class='ocrx_word' id='word_1_31' title='bbox 1448 660 1503 712; x_wconf 89' lang='lat' dir='ltr'><strong>in</strong></span> <span class='ocrx_word' id='word_1_32' title='bbox 1538 675 1716 713; x_wconf 89' lang='lat' dir='ltr'><strong>amore</strong></span> <span class='ocrx_word' id='word_1_33' title='bbox 1737 657 1950 711; x_wconf 80' lang='lat' dir='ltr'><strong>infelice</strong></span> <span class='ocrx_word' id='word_1_34' title='bbox 1976 656 2065 722; x_wconf 71' lang='lat' dir='ltr'><strong>(cf.</strong></span> <span class='ocrx_word' id='word_1_35' title='bbox 2090 672 2139 709; x_wconf 86' lang='lat' dir='ltr'><strong>v.</strong></span> <span class='ocrx_word' id='word_1_36' title='bbox 2163 660 2266 715; x_wconf 65' lang='lat'><strong>80.)</strong></span> <span class='ocrx_word' id='word_1_37' title='bbox 2299 652 2534 709; x_wconf 88' lang='lat' dir='ltr'><strong>canendo</strong></span> <span class='ocrx_word' id='word_1_38' title='bbox 2555 660 2875 721; x_wconf 77' lang='lat' dir='ltr'><strong>exprimat.·‘</strong></span> 
     </span>
     <span class='ocr_line' id='line_1_6' title="bbox 533 718 2879 791; baseline 0 -18"><span class='ocrx_word' id='word_1_39' title='bbox 533 721 726 791; x_wconf 83' lang='lat' dir='ltr'><strong>Spohn.</strong></span> <span class='ocrx_word' id='word_1_40' title='bbox 768 723 1016 777; x_wconf 87' lang='lat' dir='ltr'><strong>reiectam</strong></span> <span class='ocrx_word' id='word_1_41' title='bbox 1056 725 1161 777; x_wconf 88' lang='lat' dir='ltr'><strong>iam</strong></span> <span class='ocrx_word' id='word_1_42' title='bbox 1209 726 1278 781; x_wconf 89' lang='lat' dir='ltr'><strong>ab</strong></span> <span class='ocrx_word' id='word_1_43' title='bbox 1312 726 1394 780; x_wconf 85' lang='lat' dir='ltr'><strong>He</strong></span> <span class='ocrx_word' id='word_1_44' title='bbox 1469 728 1517 779; x_wconf 88' lang='lat' dir='ltr'><strong>io</strong></span> <span class='ocrx_word' id='word_1_45' title='bbox 1562 730 1618 779; x_wconf 85' lang='lat' dir='ltr'><strong>et</strong></span> <span class='ocrx_word' id='word_1_46' title='bbox 1654 726 1839 779; x_wconf 89' lang='lat' dir='ltr'><strong>Vossio</strong></span> <span class='ocrx_word' id='word_1_47' title='bbox 1885 728 2147 779; x_wconf 86' lang='lat' dir='ltr'><strong>retractat</strong></span> <span class='ocrx_word' id='word_1_48' title='bbox 2192 722 2621 791; x_wconf 78' lang='lat' dir='ltr'>explicationem:</span> <span class='ocrx_word' id='word_1_49' title='bbox 2670 718 2879 786; x_wconf 83' lang='lat' dir='ltr'>„Digni</span> 
     </span>
     <span class='ocr_line' id='line_1_7' title="bbox 533 743 2877 868; baseline -0.002 -25"><span class='ocrx_word' id='word_1_50' title='bbox 533 790 664 868; x_wconf 68' lang='lat' dir='ltr'><strong>estis</strong></span> <span class='ocrx_word' id='word_1_51' title='bbox 699 792 959 859; x_wconf 85' lang='lat' dir='ltr'><strong>praemio;</strong></span> <span class='ocrx_word' id='word_1_52' title='bbox 1000 792 1192 861; x_wconf 80' lang='lat' dir='ltr'><strong>dignus</strong></span> <span class='ocrx_word' id='word_1_53' title='bbox 1229 793 1333 851; x_wconf 89' lang='lat' dir='ltr'><strong>hic,</strong></span> <span class='ocrx_word' id='word_1_54' title='bbox 1370 743 1567 863; x_wconf 49' lang='lat' dir='ltr'><strong>dig-nus</strong></span> <span class='ocrx_word' id='word_1_55' title='bbox 1602 794 1767 857; x_wconf 64' lang='lat' dir='ltr'><strong>alten</strong></span> <span class='ocrx_word' id='word_1_56' title='bbox 1803 793 2019 862; x_wconf 84' lang='lat' dir='ltr'><strong>dignus,</strong></span> <span class='ocrx_word' id='word_1_57' title='bbox 2057 791 2357 861; x_wconf 85' lang='lat' dir='ltr'><strong>quicunque</strong></span> <span class='ocrx_word' id='word_1_58' title='bbox 2386 791 2492 844; x_wconf 87' lang='lat' dir='ltr'><strong>iam</strong></span> <span class='ocrx_word' id='word_1_59' title='bbox 2529 788 2672 858; x_wconf 86' lang='lat' dir='ltr'><strong>sapit</strong></span> <span class='ocrx_word' id='word_1_60' title='bbox 2706 790 2763 840; x_wconf 88' lang='lat' dir='ltr'><strong>et</strong></span> <span class='ocrx_word' id='word_1_61' title='bbox 2781 788 2877 840; x_wconf 88' lang='lat' dir='ltr'><strong>ab·</strong></span> 
     </span>
     <span class='ocr_line' id='line_1_8' title="bbox 534 857 2876 931; baseline -0.001 -22"><span class='ocrx_word' id='word_1_62' title='bbox 534 862 698 911; x_wconf 78' lang='lat' dir='ltr'><strong>stinet</strong></span> <span class='ocrx_word' id='word_1_63' title='bbox 732 858 801 912; x_wconf 91' lang='lat' dir='ltr'><strong>ab</strong></span> <span class='ocrx_word' id='word_1_64' title='bbox 841 874 1038 931; x_wconf 80' lang='lat' dir='ltr'><strong>amore,</strong></span> <span class='ocrx_word' id='word_1_65' title='bbox 1078 866 1175 913; x_wconf 82' lang='lat' dir='ltr'><strong>aut</strong></span> <span class='ocrx_word' id='word_1_66' title='bbox 1211 861 1385 915; x_wconf 90' lang='lat' dir='ltr'><strong>alieno</strong></span> <span class='ocrx_word' id='word_1_67' title='bbox 1419 861 1641 915; x_wconf 86' lang='lat' dir='ltr'><strong>edoctus</strong></span> <span class='ocrx_word' id='word_1_68' title='bbox 1681 860 1879 920; x_wconf 88' lang='lat' dir='ltr'><strong>dolore,</strong></span> <span class='ocrx_word' id='word_1_69' title='bbox 1916 868 2013 915; x_wconf 92' lang='lat' dir='ltr'><strong>aut</strong></span> <span class='ocrx_word' id='word_1_70' title='bbox 2046 875 2158 919; x_wconf 81' lang='lat' dir='ltr'><strong>suc,</strong></span> <span class='ocrx_word' id='word_1_71' title='bbox 2194 858 2482 928; x_wconf 88' lang='lat' dir='ltr'><strong>aliquando</strong></span> <span class='ocrx_word' id='word_1_72' title='bbox 2506 857 2876 925; x_wconf 74' lang='lat' dir='ltr'><strong>rcsipiscen5.⁶‘</strong></span> 
     </span>
     <span class='ocr_line' id='line_1_9' title="bbox 533 924 2876 1003; baseline -0.003 -24"><span class='ocrx_word' id='word_1_73' title='bbox 533 924 680 1003; x_wconf 74' lang='lat' dir='ltr'><strong>lalm.</strong></span> <span class='ocrx_word' id='word_1_74' title='bbox 721 941 841 980; x_wconf 91' lang='lat' dir='ltr'><strong>cum</strong></span> <span class='ocrx_word' id='word_1_75' title='bbox 875 928 1056 980; x_wconf 66' lang='lat' dir='ltr'><strong>Servio</strong></span> <span class='ocrx_word' id='word_1_76' title='bbox 1093 929 1167 981; x_wconf 89' lang='lat' dir='ltr'><strong>sic</strong></span> <span class='ocrx_word' id='word_1_77' title='bbox 1202 930 1611 999; x_wconf 85' lang='lat' dir='ltr'><strong>interpretatur:</strong></span> <span class='ocrx_word' id='word_1_78' title='bbox 1661 933 1930 991; x_wconf 73' lang='lat' dir='ltr'><strong>„Summo</strong></span> <span class='ocrx_word' id='word_1_79' title='bbox 1967 927 2200 997; x_wconf 88' lang='lat' dir='ltr'><strong>praemio</strong></span> <span class='ocrx_word' id='word_1_80' title='bbox 2237 925 2385 992; x_wconf 80' lang='lat' dir='ltr'>digni</span> <span class='ocrx_word' id='word_1_81' title='bbox 2423 926 2553 979; x_wconf 88' lang='lat' dir='ltr'><strong>estis</strong></span> <span class='ocrx_word' id='word_1_82' title='bbox 2589 934 2644 978; x_wconf 89' lang='lat' dir='ltr'><strong>et</strong></span> <span class='ocrx_word' id='word_1_83' title='bbox 2687 929 2775 981; x_wconf 85' lang='lat' dir='ltr'><strong>tu.</strong></span> <span class='ocrx_word' id='word_1_84' title='bbox 2823 928 2876 976; x_wconf 89' lang='lat' dir='ltr'><strong>et</strong></span> 
     </span>
     <span class='ocr_line' id='line_1_10' title="bbox 531 990 2875 1064; baseline -0 -19"><span class='ocrx_word' id='word_1_85' title='bbox 531 992 641 1055; x_wconf 77' lang='lat' dir='ltr'><strong>ille,</strong></span> <span class='ocrx_word' id='word_1_86' title='bbox 681 998 737 1047; x_wconf 90' lang='lat' dir='ltr'><strong>et</strong></span> <span class='ocrx_word' id='word_1_87' title='bbox 771 995 961 1059; x_wconf 84' lang='lat' dir='ltr'><strong>omnis,</strong></span> <span class='ocrx_word' id='word_1_88' title='bbox 1002 997 1091 1064; x_wconf 89' lang='lat' dir='ltr'><strong>qui</strong></span> <span class='ocrx_word' id='word_1_89' title='bbox 1128 997 1322 1050; x_wconf 89' lang='lat' dir='ltr'><strong>amoris</strong></span> <span class='ocrx_word' id='word_1_90' title='bbox 1364 1003 1462 1051; x_wconf 89' lang='lat' dir='ltr'><strong>aut</strong></span> <span class='ocrx_word' id='word_1_91' title='bbox 1499 996 1835 1051; x_wconf 88' lang='lat' dir='ltr'><strong>dulcedinem</strong></span> <span class='ocrx_word' id='word_1_92' title='bbox 1870 1001 1969 1050; x_wconf 85' lang='lat' dir='ltr'><strong>aut</strong></span> <span class='ocrx_word' id='word_1_93' title='bbox 2005 993 2418 1050; x_wconf 76' lang='lat' dir='ltr'><strong>amaritudinem</strong></span> <span class='ocrx_word' id='word_1_94' title='bbox 2462 992 2695 1045; x_wconf 85' lang='lat' dir='ltr'><strong>carmine</strong></span> <span class='ocrx_word' id='word_1_95' title='bbox 2740 990 2875 1045; x_wconf 88' lang='lat' dir='ltr'><strong>cele·</strong></span> 
     </span>
     <span class='ocr_line' id='line_1_11' title="bbox 532 1060 2879 1143; baseline 0 -31"><span class='ocrx_word' id='word_1_96' title='bbox 532 1060 764 1115; x_wconf 86' lang='lat' dir='ltr'><strong>brabit.“</strong></span> <span class='ocrx_word' id='word_1_97' title='bbox 836 1061 940 1116; x_wconf 85' lang='lat' dir='ltr'><strong>Sed</strong></span> <span class='ocrx_word' id='word_1_98' title='bbox 975 1079 1135 1132; x_wconf 86' lang='lat' dir='ltr'><strong>quam</strong></span> <span class='ocrx_word' id='word_1_99' title='bbox 1173 1064 1307 1118; x_wconf 89' lang='lat' dir='ltr'><strong>mira</strong></span> <span class='ocrx_word' id='word_1_100' title='bbox 1341 1064 1472 1120; x_wconf 86' lang='lat' dir='ltr'><strong>haec</strong></span> <span class='ocrx_word' id='word_1_101' title='bbox 1506 1065 1580 1119; x_wconf 87' lang='lat' dir='ltr'><strong>sit</strong></span> <span class='ocrx_word' id='word_1_102' title='bbox 1614 1063 2016 1119; x_wconf 79' lang='lat' dir='ltr'><strong>circumlocutio</strong></span> <span class='ocrx_word' id='word_1_103' title='bbox 2053 1071 2299 1143; x_wconf 52' lang='lat' dir='ltr'><strong>gmducre</strong></span> <span class='ocrx_word' id='word_1_104' title='bbox 2322 1060 2509 1114; x_wconf 63' lang='lat' dir='ltr'><strong>dudeco</strong></span> <span class='ocrx_word' id='word_1_105' title='bbox 2526 1077 2755 1127; x_wconf 75' lang='lat' dir='ltr'><strong>amores,</strong></span> <span class='ocrx_word' id='word_1_106' title='bbox 2790 1077 2879 1113; x_wconf 65' lang='lat' dir='ltr'><strong>es·-</strong></span> 
     </span>
     <span class='ocr_line' id='line_1_12' title="bbox 522 1127 2877 1267; baseline -0.001 -18"><span class='ocrx_word' id='word_1_107' title='bbox 522 1129 708 1249; x_wconf 64' lang='grc' dir='ltr'><strong>τῇτῇ</strong></span> <span class='ocrx_word' id='word_1_108' title='bbox 738 1147 1003 1267; x_wconf 59' lang='lat' dir='ltr'><strong>ms}</strong></span> <span class='ocrx_word' id='word_1_109' title='bbox 1020 1148 1394 1254; x_wconf 53' lang='lat' dir='ltr'><strong>mm,</strong></span> <span class='ocrx_word' id='word_1_110' title='bbox 1420 1132 1863 1254; x_wconf 50' lang='lat' dir='ltr'><strong>mam</strong></span> <span class='ocrx_word' id='word_1_111' title='bbox 1907 1129 2320 1253; x_wconf 70' lang='grc' dir='ltr'><strong>τεῇτῇτεετῇ</strong></span> <span class='ocrx_word' id='word_1_112' title='bbox 2344 1127 2580 1250; x_wconf 71' lang='grc' dir='ltr'><strong>τεῇτῇε</strong></span> <span class='ocrx_word' id='word_1_113' title='bbox 2593 1128 2877 1248; x_wconf 52' lang='lat' dir='ltr'><strong>‘amr</strong></span> 
     </span>
     <span class='ocr_line' id='line_1_13' title="bbox 532 1215 2879 1342; baseline -0.002 -25"><span class='ocrx_word' id='word_1_114' title='bbox 532 1262 701 1325; x_wconf 79' lang='lat' dir='ltr'><strong>„Eam</strong></span> <span class='ocrx_word' id='word_1_115' title='bbox 737 1279 860 1319; x_wconf 81' lang='lat' dir='ltr'><strong>vero</strong></span> <span class='ocrx_word' id='word_1_116' title='bbox 906 1267 1101 1320; x_wconf 87' lang='lat' dir='ltr'><strong>amoris</strong></span> <span class='ocrx_word' id='word_1_117' title='bbox 1145 1269 1524 1337; x_wconf 82' lang='lat' dir='ltr'><strong>experientiam</strong></span> <span class='ocrx_word' id='word_1_118' title='bbox 1567 1268 1634 1323; x_wconf 82' lang='lat' dir='ltr'><strong>ad</strong></span> <span class='ocrx_word' id='word_1_119' title='bbox 1678 1241 1865 1321; x_wconf 53' lang='lat' dir='ltr'><strong>solum,</strong></span> <span class='ocrx_word' id='word_1_120' title='bbox 1899 1215 2120 1321; x_wconf 58' lang='lat' dir='ltr'><strong>gnatum</strong></span> <span class='ocrx_word' id='word_1_121' title='bbox 2163 1264 2373 1327; x_wconf 84' lang='lat' dir='ltr'><strong>referri,</strong></span> <span class='ocrx_word' id='word_1_122' title='bbox 2429 1279 2490 1317; x_wconf 82' lang='lat' dir='ltr'><strong>ex</strong></span> <span class='ocrx_word' id='word_1_123' title='bbox 2535 1262 2666 1342; x_wconf 77' lang='lat' dir='ltr'><strong>ipsis</strong></span> <span class='ocrx_word' id='word_1_124' title='bbox 2702 1262 2879 1315; x_wconf 83' lang='lat' dir='ltr'><strong>verbis</strong></span> 
     </span>
     <span class='ocr_line' id='line_1_14' title="bbox 530 1330 2877 1468; baseline -0.001 -17"><span class='ocrx_word' id='word_1_125' title='bbox 530 1347 859 1468; x_wconf 53' lang='lat' dir='ltr'><strong>{Sfijgzwfl</strong></span> <span class='ocrx_word' id='word_1_126' title='bbox 895 1334 1154 1466; x_wconf 48' lang='lat' dir='ltr'><strong>‘&#39;afflig‘’</strong></span> <span class='ocrx_word' id='word_1_127' title='bbox 1193 1335 1299 1457; x_wconf 62' lang='grc' dir='ltr'><strong>ῗιῗὲι</strong></span> <span class='ocrx_word' id='word_1_128' title='bbox 1322 1330 2877 1458; x_wconf 41' lang='lat' dir='ltr'><strong>⁶5e1⁶²nssal¹&gt;2¹t¹2mhffl¹¹ssffiffiitffintss”fflmmemmmssss2322ss</strong></span> 
     </span>
     <span class='ocr_line' id='line_1_15' title="bbox 530 1419 2875 1553; baseline -0 -34"><span class='ocrx_word' id='word_1_129' title='bbox 530 1467 821 1522; x_wconf 86' lang='lat' dir='ltr'><strong>sententia:</strong></span> <span class='ocrx_word' id='word_1_130' title='bbox 861 1469 1096 1538; x_wconf 89' lang='lat' dir='ltr'><strong>praemio</strong></span> <span class='ocrx_word' id='word_1_131' title='bbox 1131 1419 1324 1550; x_wconf 57' lang='lat' dir='ltr'><strong>dignus</strong></span> <span class='ocrx_word' id='word_1_132' title='bbox 1363 1474 1465 1533; x_wconf 87' lang='lat' dir='ltr'><strong>est,</strong></span> <span class='ocrx_word' id='word_1_133' title='bbox 1484 1421 1751 1553; x_wconf 53' lang='grc' dir='ltr'><strong>Ῑὲῃῗίεςῑαίε</strong></span> <span class='ocrx_word' id='word_1_134' title='bbox 1784 1419 2020 1526; x_wconf 49' lang='grc' dir='ltr'><strong>αωοῐέξιι</strong></span> <span class='ocrx_word' id='word_1_135' title='bbox 2056 1469 2202 1523; x_wconf 91' lang='lat' dir='ltr'><strong>canit</strong></span> <span class='ocrx_word' id='word_1_136' title='bbox 2240 1472 2338 1521; x_wconf 90' lang='lat' dir='ltr'><strong>aut</strong></span> <span class='ocrx_word' id='word_1_137' title='bbox 2373 1465 2586 1521; x_wconf 78' lang='lat' dir='ltr'><strong>dulcem</strong></span> <span class='ocrx_word' id='word_1_138' title='bbox 2613 1469 2709 1520; x_wconf 88' lang='lat' dir='ltr'><strong>aut</strong></span> <span class='ocrx_word' id='word_1_139' title='bbox 2731 1481 2875 1519; x_wconf 90' lang='lat' dir='ltr'><strong>ama-</strong></span> 
     </span>
     <span class='ocr_line' id='line_1_16' title="bbox 529 1533 2878 1605; baseline -0.001 -17"><span class='ocrx_word' id='word_1_140' title='bbox 529 1550 670 1589; x_wconf 90' lang='lat' dir='ltr'><strong>rum:</strong></span> <span class='ocrx_word' id='word_1_141' title='bbox 713 1552 835 1590; x_wconf 88' lang='lat' dir='ltr'><strong>cum</strong></span> <span class='ocrx_word' id='word_1_142' title='bbox 870 1538 1108 1605; x_wconf 85' lang='lat' dir='ltr'><strong>profecto</strong></span> <span class='ocrx_word' id='word_1_143' title='bbox 1144 1538 1230 1593; x_wconf 87' lang='lat' dir='ltr'><strong>lnc</strong></span> <span class='ocrx_word' id='word_1_144' title='bbox 1264 1556 1370 1593; x_wconf 91' lang='lat' dir='ltr'><strong>non</strong></span> <span class='ocrx_word' id='word_1_145' title='bbox 1409 1540 1662 1601; x_wconf 82' lang='lat' dir='ltr'><strong>sufnciat,</strong></span> <span class='ocrx_word' id='word_1_146' title='bbox 1701 1542 1764 1592; x_wconf 90' lang='lat' dir='ltr'><strong>ut</strong></span> <span class='ocrx_word' id='word_1_147' title='bbox 1798 1538 2013 1592; x_wconf 87' lang='lat' dir='ltr'><strong>omnino</strong></span> <span class='ocrx_word' id='word_1_148' title='bbox 2048 1540 2206 1591; x_wconf 84' lang='lat' dir='ltr'><strong>canat</strong></span> <span class='ocrx_word' id='word_1_149' title='bbox 2255 1535 2476 1604; x_wconf 76' lang='lat' dir='ltr'><strong>aliquia,</strong></span> <span class='ocrx_word' id='word_1_150' title='bbox 2526 1533 2621 1588; x_wconf 85' lang='lat' dir='ltr'><strong>sed</strong></span> <span class='ocrx_word' id='word_1_151' title='bbox 2655 1548 2878 1603; x_wconf 88' lang='lat' dir='ltr'><strong>quaera-</strong></span> 
     </span>
     <span class='ocr_line' id='line_1_17' title="bbox 530 1602 2876 1672; baseline -0.004 -6"><span class='ocrx_word' id='word_1_152' title='bbox 530 1608 634 1665; x_wconf 72' lang='lat' dir='ltr'><strong>tur,</strong></span> <span class='ocrx_word' id='word_1_153' title='bbox 869 1605 942 1657; x_wconf 84' lang='lat' dir='ltr'><strong>do</strong></span> <span class='ocrx_word' id='word_1_154' title='bbox 981 1610 1154 1659; x_wconf 81' lang='lat' dir='ltr'><strong>canat.</strong></span> <span class='ocrx_word' id='word_1_155' title='bbox 1226 1610 1402 1672; x_wconf 73' lang='lat' dir='ltr'><strong>Quare</strong></span> <span class='ocrx_word' id='word_1_156' title='bbox 1439 1607 1544 1660; x_wconf 86' lang='lat' dir='ltr'><strong>nisi</strong></span> <span class='ocrx_word' id='word_1_157' title='bbox 1580 1623 1763 1662; x_wconf 85' lang='lat' dir='ltr'><strong>versus</strong></span> <span class='ocrx_word' id='word_1_158' title='bbox 1798 1607 1942 1659; x_wconf 88' lang='lat' dir='ltr'><strong>iusto</strong></span> <span class='ocrx_word' id='word_1_159' title='bbox 1986 1620 2147 1658; x_wconf 89' lang='lat' dir='ltr'><strong>sensu</strong></span> <span class='ocrx_word' id='word_1_160' title='bbox 2183 1603 2474 1658; x_wconf 87' lang='lat' dir='ltr'><strong>destitutos</strong></span> <span class='ocrx_word' id='word_1_161' title='bbox 2511 1617 2658 1667; x_wconf 58' lang='lat' dir='ltr'><strong>(nam</strong></span> <span class='ocrx_word' id='word_1_162' title='bbox 2692 1602 2876 1657; x_wconf 81' lang='lat' dir='ltr'><strong>etiam.</strong></span> 
     </span>
     <span class='ocr_line' id='line_1_18' title="bbox 528 1668 2878 1810; baseline -0.001 -19"><span class='ocrx_word' id='word_1_163' title='bbox 528 1685 733 1801; x_wconf 58' lang='lat' dir='ltr'><strong>ffiat,</strong></span> <span class='ocrx_word' id='word_1_164' title='bbox 752 1671 1407 1796; x_wconf 52' lang='lat' dir='ltr'><strong>“iffiffigtn&#39;zdffiffl</strong></span> <span class='ocrx_word' id='word_1_165' title='bbox 1439 1674 1638 1796; x_wconf 49' lang='grc'><strong>331313·</strong></span> <span class='ocrx_word' id='word_1_166' title='bbox 1651 1674 2146 1809; x_wconf 58' lang='grc' dir='ltr'><strong>ἐίεωῖῗᾋέἰέἓξὶἳί</strong></span> <span class='ocrx_word' id='word_1_167' title='bbox 2171 1670 2431 1810; x_wconf 54' lang='grc' dir='ltr'><strong>ἔεᾏῇῗὲῇ·</strong></span> <span class='ocrx_word' id='word_1_168' title='bbox 2444 1668 2878 1790; x_wconf 54' lang='lat' dir='ltr'><strong>fflnffieissii</strong></span> 
     </span>
     <span class='ocr_line' id='line_1_19' title="bbox 527 1781 2875 1880; baseline -0.001 -21"><span class='ocrx_word' id='word_1_169' title='bbox 527 1806 664 1875; x_wconf 83' lang='lat' dir='ltr'><strong>Spic.</strong></span> <span class='ocrx_word' id='word_1_170' title='bbox 698 1825 752 1876; x_wconf 90' lang='lat' dir='ltr'><strong>p.</strong></span> <span class='ocrx_word' id='word_1_171' title='bbox 788 1812 837 1861; x_wconf 79' lang='grc'><strong>8.</strong></span> <span class='ocrx_word' id='word_1_172' title='bbox 874 1781 1304 1877; x_wconf 63' lang='lat' dir='ltr'><strong>explicationem,</strong></span> <span class='ocrx_word' id='word_1_173' title='bbox 1353 1827 1516 1880; x_wconf 89' lang='lat' dir='ltr'><strong>quam</strong></span> <span class='ocrx_word' id='word_1_174' title='bbox 1553 1816 1792 1880; x_wconf 88' lang='lat' dir='ltr'><strong>repetere</strong></span> <span class='ocrx_word' id='word_1_175' title='bbox 1837 1824 1922 1863; x_wconf 87' lang='lat' dir='ltr'><strong>me</strong></span> <span class='ocrx_word' id='word_1_176' title='bbox 1957 1807 2149 1878; x_wconf 88' lang='lat' dir='ltr'><strong>pudet:</strong></span> <span class='ocrx_word' id='word_1_177' title='bbox 2207 1806 2275 1860; x_wconf 83' lang='lat' dir='ltr'><strong>cf.</strong></span> <span class='ocrx_word' id='word_1_178' title='bbox 2312 1805 2477 1860; x_wconf 86' lang='lat' dir='ltr'><strong>etiam</strong></span> <span class='ocrx_word' id='word_1_179' title='bbox 2511 1803 2766 1858; x_wconf 80' lang='lat' dir='ltr'><strong>Ribbeck.</strong></span> <span class='ocrx_word' id='word_1_180' title='bbox 2807 1802 2875 1857; x_wconf 88' lang='lat' dir='ltr'><strong>ad</strong></span> 
     </span>
     <span class='ocr_line' id='line_1_20' title="bbox 529 1870 2875 1956; baseline -0.002 -30"><span class='ocrx_word' id='word_1_181' title='bbox 529 1872 580 1926; x_wconf 89' lang='lat' dir='ltr'><strong>h.</strong></span> <span class='ocrx_word' id='word_1_182' title='bbox 620 1874 655 1927; x_wconf 91' lang='lat' dir='ltr'><strong>l.</strong></span> <span class='ocrx_word' id='word_1_183' title='bbox 695 1880 750 1928; x_wconf 89' lang='lat' dir='ltr'><strong>et</strong></span> <span class='ocrx_word' id='word_1_184' title='bbox 784 1874 1031 1930; x_wconf 88' lang='lat' dir='ltr'><strong>Gebauer</strong></span> <span class='ocrx_word' id='word_1_185' title='bbox 1065 1876 1130 1931; x_wconf 87' lang='lat' dir='ltr'><strong>de</strong></span> <span class='ocrx_word' id='word_1_186' title='bbox 1167 1880 1308 1956; x_wconf 72' lang='lat' dir='ltr'><strong>poet.</strong></span> <span class='ocrx_word' id='word_1_187' title='bbox 1336 1878 1380 1932; x_wconf 91' lang='lat'><strong>1.</strong></span> <span class='ocrx_word' id='word_1_188' title='bbox 1415 1896 1469 1947; x_wconf 89' lang='lat' dir='ltr'><strong>p.</strong></span> <span class='ocrx_word' id='word_1_189' title='bbox 1505 1881 1610 1935; x_wconf 60' lang='lat'><strong>25.)</strong></span> <span class='ocrx_word' id='word_1_190' title='bbox 1647 1882 1926 1947; x_wconf 88' lang='lat' dir='ltr'><strong>tamquam</strong></span> <span class='ocrx_word' id='word_1_191' title='bbox 1965 1876 2174 1946; x_wconf 88' lang='lat' dir='ltr'><strong>spurios</strong></span> <span class='ocrx_word' id='word_1_192' title='bbox 2207 1873 2367 1943; x_wconf 88' lang='lat' dir='ltr'><strong>plane</strong></span> <span class='ocrx_word' id='word_1_193' title='bbox 2400 1872 2616 1926; x_wconf 88' lang='lat' dir='ltr'><strong>reiicere</strong></span> <span class='ocrx_word' id='word_1_194' title='bbox 2649 1870 2875 1949; x_wconf 79' lang='lat' dir='ltr'><strong>velimus</strong></span> 
     </span>
     <span class='ocr_line' id='line_1_21' title="bbox 530 1940 2875 2015; baseline -0.005 -14"><span class='ocrx_word' id='word_1_195' title='bbox 530 1940 607 2001; x_wconf 70' lang='lat' dir='ltr'><strong>(id</strong></span> <span class='ocrx_word' id='word_1_196' title='bbox 649 1941 788 2011; x_wconf 89' lang='lat' dir='ltr'><strong>quod</strong></span> <span class='ocrx_word' id='word_1_197' title='bbox 825 1942 996 2013; x_wconf 72' lang='lat' dir='ltr'><strong>Heyn.</strong></span> <span class='ocrx_word' id='word_1_198' title='bbox 1043 1952 1216 1999; x_wconf 81' lang='lat' dir='ltr'><strong>suasit</strong></span> <span class='ocrx_word' id='word_1_199' title='bbox 1252 1952 1415 2015; x_wconf 90' lang='lat' dir='ltr'><strong>atque</strong></span> <span class='ocrx_word' id='word_1_200' title='bbox 1450 1946 1614 2000; x_wconf 88' lang='lat' dir='ltr'><strong>etiam</strong></span> <span class='ocrx_word' id='word_1_201' title='bbox 1649 1947 1820 2015; x_wconf 84' lang='lat' dir='ltr'><strong>Bryce</strong></span> <span class='ocrx_word' id='word_1_202' title='bbox 1853 1944 2080 2013; x_wconf 90' lang='lat' dir='ltr'><strong>probare</strong></span> <span class='ocrx_word' id='word_1_203' title='bbox 2117 1941 2334 1997; x_wconf 83' lang='lat' dir='ltr'><strong>videtur</strong></span> <span class='ocrx_word' id='word_1_204' title='bbox 2366 1940 2463 1994; x_wconf 90' lang='lat' dir='ltr'><strong>hos</strong></span> <span class='ocrx_word' id='word_1_205' title='bbox 2498 1955 2681 1994; x_wconf 81' lang='lat' dir='ltr'><strong>versus</strong></span> <span class='ocrx_word' id='word_1_206' title='bbox 2724 1954 2875 1992; x_wconf 76' lang='lat' dir='ltr'><strong>uncis</strong></span> 
     </span>
     <span class='ocr_line' id='line_1_22' title="bbox 529 2006 2878 2083; baseline -0.001 -21"><span class='ocrx_word' id='word_1_207' title='bbox 529 2009 827 2068; x_wconf 80' lang='lat' dir='ltr'><strong>includens)</strong></span> <span class='ocrx_word' id='word_1_208' title='bbox 857 2016 914 2065; x_wconf 91' lang='lat' dir='ltr'><strong>et</strong></span> <span class='ocrx_word' id='word_1_209' title='bbox 948 2011 1027 2065; x_wconf 88' lang='lat' dir='ltr'><strong>ita</strong></span> <span class='ocrx_word' id='word_1_210' title='bbox 1065 2029 1277 2067; x_wconf 87' lang='lat' dir='ltr'><strong>carmen</strong></span> <span class='ocrx_word' id='word_1_211' title='bbox 1315 2028 1350 2067; x_wconf 89' lang='lat' dir='ltr'><strong>a</strong></span> <span class='ocrx_word' id='word_1_212' title='bbox 1386 2017 1448 2066; x_wconf 88' lang='lat' dir='ltr'><strong>ta</strong></span> <span class='ocrx_word' id='word_1_213' title='bbox 1479 2013 1723 2068; x_wconf 84' lang='lat' dir='ltr'><strong>clausula</strong></span> <span class='ocrx_word' id='word_1_214' title='bbox 1756 2012 1985 2083; x_wconf 81' lang='lat' dir='ltr'><strong>privare,</strong></span> <span class='ocrx_word' id='word_1_215' title='bbox 2034 2009 2175 2081; x_wconf 90' lang='lat' dir='ltr'><strong>quod</strong></span> <span class='ocrx_word' id='word_1_216' title='bbox 2221 2010 2331 2062; x_wconf 87' lang='lat' dir='ltr'><strong>iam</strong></span> <span class='ocrx_word' id='word_1_217' title='bbox 2363 2010 2522 2062; x_wconf 77' lang='lat' dir='ltr'><strong>Arus.</strong></span> <span class='ocrx_word' id='word_1_218' title='bbox 2558 2006 2741 2061; x_wconf 82' lang='lat' dir='ltr'><strong>Messii</strong></span> <span class='ocrx_word' id='word_1_219' title='bbox 2783 2022 2878 2060; x_wconf 88' lang='lat' dir='ltr'><strong>au-</strong></span> 
     </span>
     <span class='ocr_line' id='line_1_23' title="bbox 530 2074 2877 2149; baseline -0.001 -20"><span class='ocrx_word' id='word_1_220' title='bbox 530 2078 748 2131; x_wconf 86' lang='lat' dir='ltr'><strong>ctoritas</strong></span> <span class='ocrx_word' id='word_1_221' title='bbox 789 2077 1084 2139; x_wconf 76' lang='lat' dir='ltr'><strong>dissuadet,</strong></span> <span class='ocrx_word' id='word_1_222' title='bbox 1127 2081 1217 2149; x_wconf 89' lang='lat' dir='ltr'><strong>qui</strong></span> <span class='ocrx_word' id='word_1_223' title='bbox 1258 2098 1310 2149; x_wconf 87' lang='lat' dir='ltr'><strong>p.</strong></span> <span class='ocrx_word' id='word_1_224' title='bbox 1347 2091 1359 2103; x_wconf 89' lang='lat'>·</span> <span class='ocrx_word' id='word_1_225' title='bbox 1380 2084 1462 2134; x_wconf 85' lang='grc'><strong>32.</strong></span> <span class='ocrx_word' id='word_1_226' title='bbox 1536 2081 1678 2134; x_wconf 87' lang='lat' dir='ltr'><strong>riora</strong></span> <span class='ocrx_word' id='word_1_227' title='bbox 1710 2097 1759 2133; x_wconf 79' lang='lat' dir='ltr'><strong>v.</strong></span> <span class='ocrx_word' id='word_1_228' title='bbox 1811 2084 1922 2133; x_wconf 75' lang='grc'><strong>109.</strong></span> <span class='ocrx_word' id='word_1_229' title='bbox 1975 2079 2139 2133; x_wconf 81' lang='lat' dir='ltr'><strong>verba</strong></span> <span class='ocrx_word' id='word_1_230' title='bbox 2176 2078 2350 2138; x_wconf 84' lang='lat' dir='ltr'><strong>affert,</strong></span> <span class='ocrx_word' id='word_1_231' title='bbox 2396 2074 2466 2130; x_wconf 91' lang='lat' dir='ltr'><strong>ad</strong></span> <span class='ocrx_word' id='word_1_232' title='bbox 2519 2076 2877 2130; x_wconf 87' lang='lat' dir='ltr'><strong>coniecturam</strong></span> 
     </span>
     <span class='ocr_line' id='line_1_24' title="bbox 529 2144 2878 2218; baseline -0.002 -20"><span class='ocrx_word' id='word_1_233' title='bbox 529 2145 942 2213; x_wconf 74' lang='lat' dir='ltr'><strong>confugiendum</strong></span> <span class='ocrx_word' id='word_1_234' title='bbox 980 2164 1095 2202; x_wconf 87' lang='lat' dir='ltr'><strong>esse</strong></span> <span class='ocrx_word' id='word_1_235' title='bbox 1134 2148 1372 2211; x_wconf 83' lang='lat' dir='ltr'><strong>videtur;</strong></span> <span class='ocrx_word' id='word_1_236' title='bbox 1411 2151 1468 2202; x_wconf 90' lang='lat' dir='ltr'><strong>et</strong></span> <span class='ocrx_word' id='word_1_237' title='bbox 1559 2165 1680 2218; x_wconf 80' lang='lat' dir='ltr'><strong>agn.</strong></span> <span class='ocrx_word' id='word_1_238' title='bbox 1727 2147 1945 2218; x_wconf 89' lang='lat' dir='ltr'><strong>quidem</strong></span> <span class='ocrx_word' id='word_1_239' title='bbox 1967 2162 2095 2200; x_wconf 89' lang='lat' dir='ltr'><strong>sane</strong></span> <span class='ocrx_word' id='word_1_240' title='bbox 2112 2144 2390 2199; x_wconf 80' lang='lat' dir='ltr'><strong>lenissima</strong></span> <span class='ocrx_word' id='word_1_241' title='bbox 2408 2144 2706 2196; x_wconf 82' lang='lat' dir='ltr'><strong>mutatione</strong></span> <span class='ocrx_word' id='word_1_242' title='bbox 2731 2146 2878 2195; x_wconf 86' lang='lat' dir='ltr'><strong>facta</strong></span> 
     </span>
     <span class='ocr_line' id='line_1_25' title="bbox 528 2209 2875 2284; baseline -0.001 -19"><span class='ocrx_word' id='word_1_243' title='bbox 528 2229 622 2282; x_wconf 91' lang='lat' dir='ltr'><strong>pro</strong></span> <span class='ocrx_word' id='word_1_244' title='bbox 656 2214 830 2282; x_wconf 90' lang='lat' dir='ltr'><strong>priore</strong></span> <span class='ocrx_word' id='word_1_245' title='bbox 867 2222 964 2268; x_wconf 79' lang='lat' dir='ltr'><strong>ant</strong></span> <span class='ocrx_word' id='word_1_246' title='bbox 996 2216 1212 2284; x_wconf 82' lang='lat' dir='ltr'><strong>scripsit</strong></span> <span class='ocrx_word' id='word_1_247' title='bbox 1246 2218 1426 2279; x_wconf 77' lang='lat' dir='ltr'><strong>haut,</strong></span> <span class='ocrx_word' id='word_1_248' title='bbox 1468 2232 1589 2270; x_wconf 90' lang='lat' dir='ltr'><strong>cum</strong></span> <span class='ocrx_word' id='word_1_249' title='bbox 1630 2216 1759 2270; x_wconf 88' lang='lat' dir='ltr'><strong>haec</strong></span> <span class='ocrx_word' id='word_1_250' title='bbox 1800 2213 2036 2283; x_wconf 85' lang='lat' dir='ltr'><strong>negandi</strong></span> <span class='ocrx_word' id='word_1_251' title='bbox 2056 2211 2335 2267; x_wconf 88' lang='lat' dir='ltr'><strong>Particula</strong></span> <span class='ocrx_word' id='word_1_252' title='bbox 2368 2211 2424 2264; x_wconf 89' lang='lat' dir='ltr'><strong>in</strong></span> <span class='ocrx_word' id='word_1_253' title='bbox 2458 2210 2574 2279; x_wconf 88' lang='lat' dir='ltr'><strong>ipso</strong></span> <span class='ocrx_word' id='word_1_254' title='bbox 2591 2209 2733 2263; x_wconf 84' lang='lat' dir='ltr'><strong>Med.</strong></span> <span class='ocrx_word' id='word_1_255' title='bbox 2760 2226 2875 2263; x_wconf 89' lang='lat' dir='ltr'><strong>sae-</strong></span> 
     </span>
     <span class='ocr_line' id='line_1_26' title="bbox 529 2277 2870 2353; baseline -0.001 -20"><span class='ocrx_word' id='word_1_256' title='bbox 529 2281 744 2349; x_wconf 77' lang='lat' dir='ltr'><strong>pissime</strong></span> <span class='ocrx_word' id='word_1_257' title='bbox 766 2281 990 2352; x_wconf 87' lang='lat' dir='ltr'><strong>dempta</strong></span> <span class='ocrx_word' id='word_1_258' title='bbox 1022 2282 1382 2353; x_wconf 83' lang='lat' dir='ltr'><strong>adspiratione</strong></span> <span class='ocrx_word' id='word_1_259' title='bbox 1418 2283 1660 2353; x_wconf 60' lang='lat' dir='ltr'><strong>legatum</strong></span> <span class='ocrx_word' id='word_1_260' title='bbox 1698 2288 1977 2353; x_wconf 81' lang='lat' dir='ltr'><strong>praeterea</strong></span> <span class='ocrx_word' id='word_1_261' title='bbox 2013 2285 2196 2336; x_wconf 88' lang='lat' dir='ltr'><strong>autem</strong></span> <span class='ocrx_word' id='word_1_262' title='bbox 2233 2280 2313 2333; x_wconf 90' lang='lat' dir='ltr'><strong>ita</strong></span> <span class='ocrx_word' id='word_1_263' title='bbox 2347 2277 2564 2348; x_wconf 79' lang='lat' dir='ltr'><strong>singula</strong></span> <span class='ocrx_word' id='word_1_264' title='bbox 2598 2277 2870 2331; x_wconf 76' lang='lat' dir='ltr'><strong>distinxit:</strong></span> 
     </span>
     <span class='ocr_line' id='line_1_27' title="bbox 527 2347 2876 2419; baseline -0.002 -18"><span class='ocrx_word' id='word_1_265' title='bbox 527 2377 551 2389; x_wconf 92' lang='lat'><strong>·</strong></span> <span class='ocrx_word' id='word_1_266' title='bbox 578 2376 599 2388; x_wconf 91' lang='lat'>-</span> <span class='ocrx_word' id='word_1_267' title='bbox 633 2356 683 2401; x_wconf 84' lang='lat' dir='ltr'><strong>et</strong></span> <span class='ocrx_word' id='word_1_268' title='bbox 715 2349 821 2402; x_wconf 79' lang='lat' dir='ltr'><strong>hic.</strong></span> <span class='ocrx_word' id='word_1_269' title='bbox 894 2351 971 2401; x_wconf 78' lang='lat' dir='ltr'><strong>Ec</strong></span> <span class='ocrx_word' id='word_1_270' title='bbox 1004 2351 1250 2419; x_wconf 70' lang='lat' dir='ltr'><strong>quisquis</strong></span> <span class='ocrx_word' id='word_1_271' title='bbox 1284 2369 1497 2405; x_wconf 79' lang='lat' dir='ltr'><strong>amores</strong></span> <span class='ocrx_word' id='word_1_272' title='bbox 1524 2352 1684 2405; x_wconf 69' lang='lat' dir='ltr'><strong>Haza</strong></span> <span class='ocrx_word' id='word_1_273' title='bbox 1715 2358 1924 2413; x_wconf 67' lang='lat' dir='ltr'><strong>nactust,</strong></span> <span class='ocrx_word' id='word_1_274' title='bbox 1963 2351 2149 2403; x_wconf 77' lang='lat' dir='ltr'><strong>dulces</strong></span> <span class='ocrx_word' id='word_1_275' title='bbox 2172 2355 2271 2402; x_wconf 75' lang='lat' dir='ltr'><strong>aut</strong></span> <span class='ocrx_word' id='word_1_276' title='bbox 2299 2347 2607 2417; x_wconf 64' lang='lat' dir='ltr'><strong>experietur</strong></span> <span class='ocrx_word' id='word_1_277' title='bbox 2637 2362 2876 2411; x_wconf 82' lang='lat' dir='ltr'><strong>amaros,</strong></span> 
     </span>
     <span class='ocr_line' id='line_1_28' title="bbox 530 2413 2876 2488; baseline -0.002 -19"><span class='ocrx_word' id='word_1_278' title='bbox 530 2422 591 2469; x_wconf 92' lang='lat' dir='ltr'><strong>ut</strong></span> <span class='ocrx_word' id='word_1_279' title='bbox 626 2417 895 2470; x_wconf 87' lang='lat' dir='ltr'><strong>sententia</strong></span> <span class='ocrx_word' id='word_1_280' title='bbox 929 2415 1057 2471; x_wconf 88' lang='lat' dir='ltr'><strong>haec</strong></span> <span class='ocrx_word' id='word_1_281' title='bbox 1093 2420 1188 2472; x_wconf 85' lang='lat' dir='ltr'><strong>sit:</strong></span> <span class='ocrx_word' id='word_1_282' title='bbox 1244 2419 1556 2488; x_wconf 79' lang='lat' dir='ltr'><strong>Quicunque</strong></span> <span class='ocrx_word' id='word_1_283' title='bbox 1601 2434 1808 2474; x_wconf 89' lang='lat' dir='ltr'><strong>amores</strong></span> <span class='ocrx_word' id='word_1_284' title='bbox 1844 2433 1947 2471; x_wconf 92' lang='lat' dir='ltr'><strong>non</strong></span> <span class='ocrx_word' id='word_1_285' title='bbox 1986 2416 2206 2476; x_wconf 87' lang='lat' dir='ltr'><strong>metuit,</strong></span> <span class='ocrx_word' id='word_1_286' title='bbox 2253 2416 2288 2469; x_wconf 90' lang='lat' dir='ltr'><strong>i.</strong></span> <span class='ocrx_word' id='word_1_287' title='bbox 2325 2432 2369 2469; x_wconf 89' lang='lat' dir='ltr'><strong>e.</strong></span> <span class='ocrx_word' id='word_1_288' title='bbox 2406 2430 2513 2467; x_wconf 92' lang='lat' dir='ltr'><strong>non</strong></span> <span class='ocrx_word' id='word_1_289' title='bbox 2553 2413 2722 2482; x_wconf 82' lang='lat' dir='ltr'><strong>fugit,</strong></span> <span class='ocrx_word' id='word_1_290' title='bbox 2769 2429 2876 2465; x_wconf 89' lang='lat' dir='ltr'><strong>non</strong></span> 
     </span>
     <span class='ocr_line' id='line_1_29' title="bbox 529 2479 2875 2557; baseline -0.002 -20"><span class='ocrx_word' id='word_1_291' title='bbox 529 2484 758 2554; x_wconf 87' lang='lat' dir='ltr'><strong>spernit,</strong></span> <span class='ocrx_word' id='word_1_292' title='bbox 796 2484 843 2538; x_wconf 90' lang='lat' dir='ltr'><strong>is</strong></span> <span class='ocrx_word' id='word_1_293' title='bbox 878 2501 967 2539; x_wconf 89' lang='lat' dir='ltr'><strong>eos</strong></span> <span class='ocrx_word' id='word_1_294' title='bbox 1003 2489 1099 2540; x_wconf 86' lang='lat' dir='ltr'><strong>aut</strong></span> <span class='ocrx_word' id='word_1_295' title='bbox 1137 2485 1319 2542; x_wconf 79' lang='lat' dir='ltr'><strong>dulces</strong></span> <span class='ocrx_word' id='word_1_296' title='bbox 1356 2487 1680 2557; x_wconf 83' lang='lat' dir='ltr'><strong>experietur,</strong></span> <span class='ocrx_word' id='word_1_297' title='bbox 1715 2490 1815 2542; x_wconf 86' lang='lat' dir='ltr'><strong>aut</strong></span> <span class='ocrx_word' id='word_1_298' title='bbox 1849 2500 2086 2550; x_wconf 79' lang='lat' dir='ltr'><strong>amarOS,</strong></span> <span class='ocrx_word' id='word_1_299' title='bbox 2131 2484 2164 2538; x_wconf 89' lang='lat' dir='ltr'><strong>i.</strong></span> <span class='ocrx_word' id='word_1_300' title='bbox 2202 2499 2248 2538; x_wconf 90' lang='lat' dir='ltr'><strong>e.</strong></span> <span class='ocrx_word' id='word_1_301' title='bbox 2284 2486 2505 2552; x_wconf 86' lang='lat' dir='ltr'><strong>paratus</strong></span> <span class='ocrx_word' id='word_1_302' title='bbox 2543 2498 2657 2536; x_wconf 86' lang='lat' dir='ltr'><strong>esse</strong></span> <span class='ocrx_word' id='word_1_303' title='bbox 2696 2479 2875 2542; x_wconf 89' lang='lat' dir='ltr'><strong>debet,</strong></span> 
     </span>
     <span class='ocr_line' id='line_1_30' title="bbox 528 2549 2878 2624; baseline -0.002 -19"><span class='ocrx_word' id='word_1_304' title='bbox 528 2560 591 2605; x_wconf 90' lang='lat' dir='ltr'><strong>ut</strong></span> <span class='ocrx_word' id='word_1_305' title='bbox 623 2556 720 2606; x_wconf 87' lang='lat' dir='ltr'><strong>aut</strong></span> <span class='ocrx_word' id='word_1_306' title='bbox 753 2552 938 2607; x_wconf 89' lang='lat' dir='ltr'><strong>dulces</strong></span> <span class='ocrx_word' id='word_1_307' title='bbox 974 2571 1037 2608; x_wconf 80' lang='lat' dir='ltr'><strong>ex</strong></span> <span class='ocrx_word' id='word_1_308' title='bbox 1074 2555 1292 2618; x_wconf 86' lang='lat' dir='ltr'><strong>eriatur‚</strong></span> <span class='ocrx_word' id='word_1_309' title='bbox 1329 2565 1429 2610; x_wconf 90' lang='lat' dir='ltr'><strong>aut</strong></span> <span class='ocrx_word' id='word_1_310' title='bbox 1462 2571 1698 2618; x_wconf 86' lang='lat' dir='ltr'><strong>amaros;</strong></span> <span class='ocrx_word' id='word_1_311' title='bbox 1734 2554 1961 2624; x_wconf 90' lang='lat' dir='ltr'><strong>ideoque</strong></span> <span class='ocrx_word' id='word_1_312' title='bbox 1995 2553 2126 2607; x_wconf 86' lang='lat' dir='ltr'><strong>haec</strong></span> <span class='ocrx_word' id='word_1_313' title='bbox 2161 2552 2325 2606; x_wconf 84' lang='lat' dir='ltr'><strong>verba</strong></span> <span class='ocrx_word' id='word_1_314' title='bbox 2359 2566 2480 2605; x_wconf 86' lang='lat' dir='ltr'><strong>cum</strong></span> <span class='ocrx_word' id='word_1_315' title='bbox 2514 2549 2878 2604; x_wconf 88' lang='lat' dir='ltr'><strong>antecedenti-</strong></span> 
     </span>
     <span class='ocr_line' id='line_1_31' title="bbox 528 2617 2878 2687; baseline -0 -16"><span class='ocrx_word' id='word_1_316' title='bbox 528 2620 629 2672; x_wconf 83' lang='lat' dir='ltr'><strong>bus</strong></span> <span class='ocrx_word' id='word_1_317' title='bbox 666 2636 772 2673; x_wconf 89' lang='lat' dir='ltr'><strong>non</strong></span> <span class='ocrx_word' id='word_1_318' title='bbox 805 2629 953 2676; x_wconf 90' lang='lat' dir='ltr'><strong>arcte</strong></span> <span class='ocrx_word' id='word_1_319' title='bbox 989 2638 1049 2675; x_wconf 89' lang='lat' dir='ltr'><strong>co</strong></span> <span class='ocrx_word' id='word_1_320' title='bbox 1089 2629 1324 2684; x_wconf 88' lang='lat' dir='ltr'><strong>aereant,</strong></span> <span class='ocrx_word' id='word_1_321' title='bbox 1377 2622 1470 2676; x_wconf 87' lang='lat' dir='ltr'><strong>sed</strong></span> <span class='ocrx_word' id='word_1_322' title='bbox 1507 2639 1699 2677; x_wconf 81' lang='lat' dir='ltr'><strong>novam</strong></span> <span class='ocrx_word' id='word_1_323' title='bbox 1735 2621 2063 2677; x_wconf 86' lang='lat' dir='ltr'><strong>sententiam</strong></span> <span class='ocrx_word' id='word_1_324' title='bbox 2103 2620 2454 2678; x_wconf 76' lang='lat' dir='ltr'><strong>constituant,</strong></span> <span class='ocrx_word' id='word_1_325' title='bbox 2497 2619 2552 2671; x_wconf 87' lang='lat' dir='ltr'><strong>in</strong></span> <span class='ocrx_word' id='word_1_326' title='bbox 2587 2633 2693 2687; x_wconf 81' lang='lat' dir='ltr'><strong>qua</strong></span> <span class='ocrx_word' id='word_1_327' title='bbox 2713 2617 2878 2671; x_wconf 87' lang='lat' dir='ltr'><strong>verba</strong></span> 
     </span>
     <span class='ocr_line' id='line_1_32' title="bbox 527 2684 2876 2760; baseline -0.001 -21"><span class='ocrx_word' id='word_1_328' title='bbox 527 2688 659 2740; x_wconf 78' lang='lat' dir='ltr'><strong>lmut</strong></span> <span class='ocrx_word' id='word_1_329' title='bbox 691 2696 881 2742; x_wconf 57' lang='grc' dir='ltr'><strong>ἀιτιοι</strong></span> <span class='ocrx_word' id='word_1_330' title='bbox 916 2690 1132 2758; x_wconf 83' lang='lat' dir='ltr'><strong>gravius</strong></span> <span class='ocrx_word' id='word_1_331' title='bbox 1167 2690 1564 2760; x_wconf 85' lang='lat' dir='ltr'><strong>pronuntianda</strong></span> <span class='ocrx_word' id='word_1_332' title='bbox 1598 2691 1727 2751; x_wconf 85' lang='lat' dir='ltr'><strong>sint,</strong></span> <span class='ocrx_word' id='word_1_333' title='bbox 1764 2706 1871 2743; x_wconf 90' lang='lat' dir='ltr'><strong>non</strong></span> <span class='ocrx_word' id='word_1_334' title='bbox 1920 2689 2167 2759; x_wconf 51' lang='lat' dir='ltr'><strong>quiquis</strong></span> <span class='ocrx_word' id='word_1_335' title='bbox 2204 2693 2301 2741; x_wconf 87' lang='lat' dir='ltr'><strong>aut</strong></span> <span class='ocrx_word' id='word_1_336' title='bbox 2333 2703 2561 2740; x_wconf 77' lang='lat' dir='ltr'><strong>amores.</strong></span> <span class='ocrx_word' id='word_1_337' title='bbox 2624 2684 2876 2740; x_wconf 85' lang='lat' dir='ltr'><strong>Ordinem</strong></span> 
     </span>
     <span class='ocr_line' id='line_1_33' title="bbox 530 2751 2877 2831; baseline -0.001 -24"><span class='ocrx_word' id='word_1_338' title='bbox 530 2771 650 2809; x_wconf 84' lang='lat' dir='ltr'><strong>vero</strong></span> <span class='ocrx_word' id='word_1_339' title='bbox 693 2756 973 2811; x_wconf 80' lang='lat' dir='ltr'><strong>verborum</strong></span> <span class='ocrx_word' id='word_1_340' title='bbox 1019 2758 1199 2827; x_wconf 81' lang='lat' dir='ltr'><strong>paullo</strong></span> <span class='ocrx_word' id='word_1_341' title='bbox 1242 2759 1317 2812; x_wconf 91' lang='lat' dir='ltr'><strong>im</strong></span> <span class='ocrx_word' id='word_1_342' title='bbox 1354 2758 1635 2813; x_wconf 90' lang='lat' dir='ltr'><strong>editiorem</strong></span> <span class='ocrx_word' id='word_1_343' title='bbox 1680 2760 1867 2813; x_wconf 71' lang='lat' dir='ltr'><strong>dulces</strong></span> <span class='ocrx_word' id='word_1_344' title='bbox 1910 2765 2006 2811; x_wconf 77' lang='lat' dir='ltr'><strong>aut</strong></span> <span class='ocrx_word' id='word_1_345' title='bbox 2058 2757 2367 2826; x_wconf 76' lang='lat' dir='ltr'><strong>eoepm&#39;etur</strong></span> <span class='ocrx_word' id='word_1_346' title='bbox 2418 2771 2641 2807; x_wconf 76' lang='lat' dir='ltr'><strong>amaros</strong></span> <span class='ocrx_word' id='word_1_347' title='bbox 2684 2751 2877 2831; x_wconf 81' lang='lat' dir='ltr'><strong>Wagn.</strong></span> 
     </span>
     <span class='ocr_line' id='line_1_34' title="bbox 528 2776 2877 2895; baseline -0.003 -18"><span class='ocrx_word' id='word_1_348' title='bbox 528 2839 775 2879; x_wconf 86' lang='lat' dir='ltr'><strong>excusare</strong></span> <span class='ocrx_word' id='word_1_349' title='bbox 810 2824 996 2879; x_wconf 83' lang='lat' dir='ltr'><strong>studet</strong></span> <span class='ocrx_word' id='word_1_350' title='bbox 1030 2826 1285 2879; x_wconf 86' lang='lat' dir='ltr'><strong>similium</strong></span> <span class='ocrx_word' id='word_1_351' title='bbox 1318 2776 1557 2880; x_wconf 61' lang='lat' dir='ltr'><strong>focorum</strong></span> <span class='ocrx_word' id='word_1_352' title='bbox 1606 2825 2028 2895; x_wconf 87' lang='lat' dir='ltr'><strong>comparatione,</strong></span> <span class='ocrx_word' id='word_1_353' title='bbox 2080 2831 2142 2877; x_wconf 94' lang='lat' dir='ltr'><strong>ut</strong></span> <span class='ocrx_word' id='word_1_354' title='bbox 2177 2822 2304 2877; x_wconf 90' lang='lat' dir='ltr'><strong>Geo.</strong></span> <span class='ocrx_word' id='word_1_355' title='bbox 2339 2820 2412 2880; x_wconf 90' lang='lat'><strong>11,</strong></span> <span class='ocrx_word' id='word_1_356' title='bbox 2449 2823 2564 2874; x_wconf 77' lang='lat'><strong>447.</strong></span> <span class='ocrx_word' id='word_1_357' title='bbox 2633 2818 2714 2873; x_wconf 87' lang='lat' dir='ltr'><strong>Ne</strong></span> <span class='ocrx_word' id='word_1_358' title='bbox 2793 2836 2877 2872; x_wconf 84' lang='lat' dir='ltr'><strong>ms</strong></span> 
     </span>
     <span class='ocr_line' id='line_1_35' title="bbox 527 2887 2876 2966; baseline -0.001 -22"><span class='ocrx_word' id='word_1_359' title='bbox 527 2895 708 2945; x_wconf 88' lang='lat' dir='ltr'><strong>autem</strong></span> <span class='ocrx_word' id='word_1_360' title='bbox 747 2891 969 2946; x_wconf 88' lang='lat' dir='ltr'><strong>haereat</strong></span> <span class='ocrx_word' id='word_1_361' title='bbox 1005 2894 1059 2946; x_wconf 85' lang='lat' dir='ltr'><strong>in</strong></span> <span class='ocrx_word' id='word_1_362' title='bbox 1102 2893 1375 2948; x_wconf 83' lang='lat' dir='ltr'><strong>Particala</strong></span> <span class='ocrx_word' id='word_1_363' title='bbox 1406 2902 1505 2947; x_wconf 82' lang='lat' dir='ltr'><strong>aut</strong></span> <span class='ocrx_word' id='word_1_364' title='bbox 1538 2892 1706 2948; x_wconf 89' lang='lat' dir='ltr'><strong>semel</strong></span> <span class='ocrx_word' id='word_1_365' title='bbox 1738 2893 1918 2962; x_wconf 84' lang='lat' dir='ltr'><strong>posita</strong></span> <span class='ocrx_word' id='word_1_366' title='bbox 1987 2910 2045 2946; x_wconf 88' lang='lat' dir='ltr'><strong>ro</strong></span> <span class='ocrx_word' id='word_1_367' title='bbox 2080 2901 2177 2945; x_wconf 75' lang='lat' dir='ltr'><strong>aut</strong></span> <span class='ocrx_word' id='word_1_368' title='bbox 2211 2923 2274 2929; x_wconf 44' lang='grc' dir='ltr'><strong>-κ</strong></span> <span class='ocrx_word' id='word_1_369' title='bbox 2311 2897 2423 2953; x_wconf 78' lang='lat' dir='ltr'><strong>aut,</strong></span> <span class='ocrx_word' id='word_1_370' title='bbox 2460 2887 2704 2966; x_wconf 66' lang='lat' dir='ltr'><strong>adnotat,</strong></span> <span class='ocrx_word' id='word_1_371' title='bbox 2796 2893 2876 2941; x_wconf 90' lang='lat' dir='ltr'><strong>te·</strong></span> 
     </span>
     <span class='ocr_line' id='line_1_36' title="bbox 528 2911 2878 3081; baseline -0.002 -68"><span class='ocrx_word' id='word_1_372' title='bbox 528 2974 641 3037; x_wconf 74' lang='lat' dir='ltr'><strong>ram</strong></span> <span class='ocrx_word' id='word_1_373' title='bbox 665 2958 1007 3038; x_wconf 35' lang='lat' dir='ltr'><strong>‘Particulam</strong></span> <span class='ocrx_word' id='word_1_374' title='bbox 1042 2960 1184 3015; x_wconf 82' lang='lat' dir='ltr'><strong>haud</strong></span> <span class='ocrx_word' id='word_1_375' title='bbox 1225 2978 1344 3015; x_wconf 90' lang='lat' dir='ltr'><strong>raro</strong></span> <span class='ocrx_word' id='word_1_376' title='bbox 1377 2961 1574 3020; x_wconf 84' lang='lat' dir='ltr'><strong>omitti,</strong></span> <span class='ocrx_word' id='word_1_377' title='bbox 1612 2977 1660 3013; x_wconf 87' lang='lat' dir='ltr'><strong>v.</strong></span> <span class='ocrx_word' id='word_1_378' title='bbox 1701 2976 1745 3013; x_wconf 93' lang='lat' dir='ltr'><strong>c.</strong></span> <span class='ocrx_word' id='word_1_379' title='bbox 1783 2959 1928 3030; x_wconf 88' lang='lat' dir='ltr'><strong>apud</strong></span> <span class='ocrx_word' id='word_1_380' title='bbox 1950 2911 2120 3081; x_wconf 38' lang='lat' dir='ltr'><strong>¹Ikotp.</strong></span> <span class='ocrx_word' id='word_1_381' title='bbox 2158 2958 2230 3018; x_wconf 87' lang='lat'><strong>11,</strong></span> <span class='ocrx_word' id='word_1_382' title='bbox 2270 2965 2319 3019; x_wconf 71' lang='grc'><strong>8,</strong></span> <span class='ocrx_word' id='word_1_383' title='bbox 2351 2961 2399 3011; x_wconf 87' lang='grc'><strong>8.</strong></span> <span class='ocrx_word' id='word_1_384' title='bbox 2475 2956 2747 3022; x_wconf 75' lang='lat' dir='ltr'><strong>Vincerzs,</strong></span> <span class='ocrx_word' id='word_1_385' title='bbox 2782 2962 2878 3009; x_wconf 74' lang='lat' dir='ltr'><strong>aut</strong></span> 
     </span>
     <span class='ocr_line' id='line_1_37' title="bbox 526 3023 2876 3096; baseline 0 -17"><span class='ocrx_word' id='word_1_386' title='bbox 526 3044 732 3096; x_wconf 66' lang='grc' dir='ltr'><strong>υκαι-ιε,-</strong></span> <span class='ocrx_word' id='word_1_387' title='bbox 766 3029 899 3081; x_wconf 75' lang='lat' dir='ltr'><strong>haec</strong></span> <span class='ocrx_word' id='word_1_388' title='bbox 934 3029 993 3082; x_wconf 81' lang='lat' dir='ltr'><strong>in</strong></span> <span class='ocrx_word' id='word_1_389' title='bbox 1029 3046 1214 3082; x_wconf 76' lang='lat' dir='ltr'><strong>anzore</strong></span> <span class='ocrx_word' id='word_1_390' title='bbox 1245 3038 1375 3082; x_wconf 77' lang='lat' dir='ltr'><strong>rota</strong></span> <span class='ocrx_word' id='word_1_391' title='bbox 1407 3036 1497 3083; x_wconf 71' lang='lat' dir='ltr'><strong>est.</strong></span> <span class='ocrx_word' id='word_1_392' title='bbox 1571 3028 1674 3095; x_wconf 54' lang='lat' dir='ltr'><strong>ficf.</strong></span> <span class='ocrx_word' id='word_1_393' title='bbox 1711 3033 1896 3083; x_wconf 83' lang='lat' dir='ltr'><strong>tamen</strong></span> <span class='ocrx_word' id='word_1_394' title='bbox 1933 3028 2054 3082; x_wconf 86' lang='lat' dir='ltr'><strong>Han</strong></span> <span class='ocrx_word' id='word_1_395' title='bbox 2098 3069 2109 3081; x_wconf 93' lang='lat'><em>.</em></span> <span class='ocrx_word' id='word_1_396' title='bbox 2135 3027 2190 3079; x_wconf 90' lang='lat' dir='ltr'><strong>in</strong></span> <span class='ocrx_word' id='word_1_397' title='bbox 2214 3023 2442 3079; x_wconf 84' lang='lat' dir='ltr'><strong>Tursell.</strong></span> <span class='ocrx_word' id='word_1_398' title='bbox 2467 3024 2512 3078; x_wconf 93' lang='lat' dir='ltr'><strong>I.</strong></span> <span class='ocrx_word' id='word_1_399' title='bbox 2537 3041 2588 3093; x_wconf 84' lang='lat' dir='ltr'><strong>p.</strong></span> <span class='ocrx_word' id='word_1_400' title='bbox 2615 3026 2712 3077; x_wconf 82' lang='lat'><strong>535</strong></span> <span class='ocrx_word' id='word_1_401' title='bbox 2733 3040 2797 3093; x_wconf 88' lang='lat' dir='ltr'><strong>sq</strong></span> <span class='ocrx_word' id='word_1_402' title='bbox 2839 3031 2876 3080; x_wconf 91' lang='grc'><strong>.)</strong></span> 
     </span>
     <span class='ocr_line' id='line_1_38' title="bbox 530 3091 2877 3166; baseline -0.002 -18"><span class='ocrx_word' id='word_1_403' title='bbox 530 3093 787 3164; x_wconf 83' lang='lat' dir='ltr'><strong>Equidem</strong></span> <span class='ocrx_word' id='word_1_404' title='bbox 828 3112 969 3150; x_wconf 90' lang='lat' dir='ltr'><strong>nunc</strong></span> <span class='ocrx_word' id='word_1_405' title='bbox 1007 3101 1246 3166; x_wconf 77' lang='lat' dir='ltr'><strong>praefero</strong></span> <span class='ocrx_word' id='word_1_406' title='bbox 1280 3097 1533 3165; x_wconf 84' lang='lat' dir='ltr'><strong>Wagneri</strong></span> <span class='ocrx_word' id='word_1_407' title='bbox 1567 3097 1905 3150; x_wconf 87' lang='lat' dir='ltr'><strong>coniecturae</strong></span> <span class='ocrx_word' id='word_1_408' title='bbox 1939 3096 2101 3149; x_wconf 85' lang='lat' dir='ltr'><strong>aliam</strong></span> <span class='ocrx_word' id='word_1_409' title='bbox 2137 3093 2394 3155; x_wconf 88' lang='lat' dir='ltr'><strong>similem,</strong></span> <span class='ocrx_word' id='word_1_410' title='bbox 2442 3107 2603 3162; x_wconf 89' lang='lat' dir='ltr'><strong>quam</strong></span> <span class='ocrx_word' id='word_1_411' title='bbox 2650 3098 2812 3161; x_wconf 82' lang='lat' dir='ltr'><strong>protu</strong></span> <span class='ocrx_word' id='word_1_412' title='bbox 2838 3091 2877 3141; x_wconf 86' lang='lat' dir='ltr'><strong>‘t</strong></span> 
     </span>
     <span class='ocr_line' id='line_1_39' title="bbox 529 3159 2877 3233; baseline -0.003 -17"><span class='ocrx_word' id='word_1_413' title='bbox 529 3162 739 3217; x_wconf 85' lang='lat' dir='ltr'><strong>Graser.</strong></span> <span class='ocrx_word' id='word_1_414' title='bbox 776 3164 829 3216; x_wconf 91' lang='lat' dir='ltr'><strong>in</strong></span> <span class='ocrx_word' id='word_1_415' title='bbox 866 3162 1088 3233; x_wconf 86' lang='lat' dir='ltr'><strong>Ephem.</strong></span> <span class='ocrx_word' id='word_1_416' title='bbox 1134 3163 1219 3218; x_wconf 92' lang='lat' dir='ltr'><strong>lit.</strong></span> <span class='ocrx_word' id='word_1_417' title='bbox 1259 3164 1478 3219; x_wconf 87' lang='lat' dir='ltr'><strong>Halens.</strong></span> <span class='ocrx_word' id='word_1_418' title='bbox 1516 3180 1564 3218; x_wconf 85' lang='lat' dir='ltr'><strong>a.</strong></span> <span class='ocrx_word' id='word_1_419' title='bbox 1613 3167 1762 3218; x_wconf 64' lang='lat'><strong>1835.</strong></span> <span class='ocrx_word' id='word_1_420' title='bbox 1798 3180 1871 3218; x_wconf 90' lang='lat' dir='ltr'><strong>m.</strong></span> <span class='ocrx_word' id='word_1_421' title='bbox 1908 3163 2028 3217; x_wconf 88' lang='lat' dir='ltr'><strong>Oct.</strong></span> <span class='ocrx_word' id='word_1_422' title='bbox 2065 3161 2147 3216; x_wconf 89' lang='lat' dir='ltr'><strong>ch.</strong></span> <span class='ocrx_word' id='word_1_423' title='bbox 2190 3166 2299 3215; x_wconf 79' lang='lat'><strong>185.</strong></span> <span class='ocrx_word' id='word_1_424' title='bbox 2335 3178 2390 3229; x_wconf 93' lang='lat' dir='ltr'><strong>p.</strong></span> <span class='ocrx_word' id='word_1_425' title='bbox 2426 3163 2569 3214; x_wconf 57' lang='lat'>2512:</span> <span class='ocrx_word' id='word_1_426' title='bbox 2615 3159 2691 3211; x_wconf 78' lang='lat' dir='ltr'><strong>Et</strong></span> <span class='ocrx_word' id='word_1_427' title='bbox 2809 3160 2877 3210; x_wconf 81' lang='lat' dir='ltr'><strong>is-</strong></span> 
     </span>
     <span class='ocr_line' id='line_1_40' title="bbox 527 3229 2874 3301; baseline -0.002 -19"><span class='ocrx_word' id='word_1_428' title='bbox 527 3229 650 3298; x_wconf 68' lang='lat' dir='ltr'><strong>quis</strong></span> <span class='ocrx_word' id='word_1_429' title='bbox 685 3248 897 3286; x_wconf 64' lang='lat' dir='ltr'><strong>canores</strong></span> <span class='ocrx_word' id='word_1_430' title='bbox 932 3231 1112 3285; x_wconf 77' lang='lat' dir='ltr'><strong>Haut</strong></span> <span class='ocrx_word' id='word_1_431' title='bbox 1143 3240 1333 3286; x_wconf 67' lang='lat' dir='ltr'><strong>metata</strong></span> <span class='ocrx_word' id='word_1_432' title='bbox 1368 3231 1568 3294; x_wconf 63' lang='lat' dir='ltr'><strong>andem,</strong></span> <span class='ocrx_word' id='word_1_433' title='bbox 1605 3233 1766 3286; x_wconf 69' lang='lat' dir='ltr'><strong>leant</strong></span> <span class='ocrx_word' id='word_1_434' title='bbox 1796 3231 2106 3301; x_wconf 71' lang='lat' dir='ltr'><strong>experietur</strong></span> <span class='ocrx_word' id='word_1_435' title='bbox 2137 3247 2383 3296; x_wconf 73' lang='lat' dir='ltr'><strong>amaros,</strong></span> <span class='ocrx_word' id='word_1_436' title='bbox 2421 3243 2527 3297; x_wconf 88' lang='lat' dir='ltr'><strong>qua</strong></span> <span class='ocrx_word' id='word_1_437' title='bbox 2561 3242 2664 3279; x_wconf 91' lang='lat' dir='ltr'><strong>non</strong></span> <span class='ocrx_word' id='word_1_438' title='bbox 2701 3243 2759 3279; x_wconf 91' lang='lat' dir='ltr'><strong>so</strong></span> <span class='ocrx_word' id='word_1_439' title='bbox 2783 3243 2874 3279; x_wconf 86' lang='lat' dir='ltr'><strong>mn</strong></span> 
     </span>
     <span class='ocr_line' id='line_1_41' title="bbox 529 3294 2876 3367; baseline -0.002 -17"><span class='ocrx_word' id='word_1_440' title='bbox 529 3298 731 3352; x_wconf 84' lang='lat' dir='ltr'><strong>vitatur</strong></span> <span class='ocrx_word' id='word_1_441' title='bbox 763 3297 1069 3367; x_wconf 85' lang='lat' dir='ltr'><strong>impeditior</strong></span> <span class='ocrx_word' id='word_1_442' title='bbox 1103 3298 1201 3353; x_wconf 84' lang='lat' dir='ltr'><strong>illa</strong></span> <span class='ocrx_word' id='word_1_443' title='bbox 1224 3300 1505 3354; x_wconf 83' lang='lat' dir='ltr'><strong>verborum</strong></span> <span class='ocrx_word' id='word_1_444' title='bbox 1527 3299 1824 3360; x_wconf 86' lang='lat' dir='ltr'><strong>collocatio,</strong></span> <span class='ocrx_word' id='word_1_445' title='bbox 1863 3298 1957 3353; x_wconf 85' lang='lat' dir='ltr'><strong>sed</strong></span> <span class='ocrx_word' id='word_1_446' title='bbox 1982 3299 2142 3353; x_wconf 89' lang='lat' dir='ltr'><strong>etiam</strong></span> <span class='ocrx_word' id='word_1_447' title='bbox 2170 3295 2443 3352; x_wconf 85' lang='lat' dir='ltr'><strong>sententia</strong></span> <span class='ocrx_word' id='word_1_448' title='bbox 2464 3294 2697 3349; x_wconf 86' lang='lat' dir='ltr'><strong>efficitur</strong></span> <span class='ocrx_word' id='word_1_449' title='bbox 2717 3294 2876 3361; x_wconf 82' lang='lat' dir='ltr'><strong>longe</strong></span> 
     </span>
     <span class='ocr_line' id='line_1_42' title="bbox 531 3360 2875 3432; baseline -0.002 -15"><span class='ocrx_word' id='word_1_450' title='bbox 531 3365 732 3428; x_wconf 87' lang='lat' dir='ltr'><strong>melior,</strong></span> <span class='ocrx_word' id='word_1_451' title='bbox 770 3364 902 3421; x_wconf 90' lang='lat' dir='ltr'><strong>haec</strong></span> <span class='ocrx_word' id='word_1_452' title='bbox 936 3367 1211 3421; x_wconf 86' lang='lat' dir='ltr'><strong>nimirum:</strong></span> <span class='ocrx_word' id='word_1_453' title='bbox 1259 3367 1361 3432; x_wconf 83' lang='lat' dir='ltr'><strong>Qui</strong></span> <span class='ocrx_word' id='word_1_454' title='bbox 1403 3383 1510 3420; x_wconf 89' lang='lat' dir='ltr'><strong>non</strong></span> <span class='ocrx_word' id='word_1_455' title='bbox 1554 3369 1751 3422; x_wconf 88' lang='lat' dir='ltr'><strong>metuit</strong></span> <span class='ocrx_word' id='word_1_456' title='bbox 1793 3365 2008 3422; x_wconf 87' lang='lat' dir='ltr'><strong>dulcem</strong></span> <span class='ocrx_word' id='word_1_457' title='bbox 2043 3382 2302 3426; x_wconf 90' lang='lat' dir='ltr'><strong>amorem,</strong></span> <span class='ocrx_word' id='word_1_458' title='bbox 2349 3364 2385 3418; x_wconf 90' lang='lat' dir='ltr'><strong>i.</strong></span> <span class='ocrx_word' id='word_1_459' title='bbox 2430 3379 2475 3417; x_wconf 83' lang='lat' dir='ltr'><strong>e.</strong></span> <span class='ocrx_word' id='word_1_460' title='bbox 2513 3378 2616 3415; x_wconf 89' lang='lat' dir='ltr'><strong>non</strong></span> <span class='ocrx_word' id='word_1_461' title='bbox 2653 3360 2875 3414; x_wconf 90' lang='lat' dir='ltr'><strong>timidus</strong></span> 
     </span>
     <span class='ocr_line' id='line_1_43' title="bbox 530 3430 2873 3505; baseline -0.002 -21"><span class='ocrx_word' id='word_1_462' title='bbox 530 3439 615 3484; x_wconf 85' lang='lat' dir='ltr'><strong>est</strong></span> <span class='ocrx_word' id='word_1_463' title='bbox 657 3433 709 3485; x_wconf 90' lang='lat' dir='ltr'><strong>in</strong></span> <span class='ocrx_word' id='word_1_464' title='bbox 760 3449 964 3494; x_wconf 90' lang='lat' dir='ltr'><strong>amore,</strong></span> <span class='ocrx_word' id='word_1_465' title='bbox 1011 3433 1103 3488; x_wconf 87' lang='lat' dir='ltr'><strong>sed</strong></span> <span class='ocrx_word' id='word_1_466' title='bbox 1150 3434 1406 3489; x_wconf 84' lang='lat' dir='ltr'><strong>audacter</strong></span> <span class='ocrx_word' id='word_1_467' title='bbox 1447 3434 1686 3505; x_wconf 89' lang='lat' dir='ltr'><strong>puellam</strong></span> <span class='ocrx_word' id='word_1_468' title='bbox 1729 3442 1968 3489; x_wconf 89' lang='lat' dir='ltr'><strong>amatam</strong></span> <span class='ocrx_word' id='word_1_469' title='bbox 2012 3432 2351 3503; x_wconf 81' lang='lat' dir='ltr'><strong>aggreditur,</strong></span> <span class='ocrx_word' id='word_1_470' title='bbox 2403 3430 2449 3483; x_wconf 88' lang='lat' dir='ltr'><strong>is</strong></span> <span class='ocrx_word' id='word_1_471' title='bbox 2492 3445 2726 3483; x_wconf 86' lang='lat' dir='ltr'><strong>amorem</strong></span> <span class='ocrx_word' id='word_1_472' title='bbox 2769 3444 2873 3481; x_wconf 90' lang='lat' dir='ltr'><strong>non</strong></span> 
     </span>
     <span class='ocr_line' id='line_1_44' title="bbox 530 3496 2876 3564; baseline -0.001 -12"><span class='ocrx_word' id='word_1_473' title='bbox 530 3501 728 3555; x_wconf 85' lang='lat' dir='ltr'><strong>sentiet</strong></span> <span class='ocrx_word' id='word_1_474' title='bbox 761 3518 1023 3564; x_wconf 88' lang='lat' dir='ltr'><strong>amarum,</strong></span> <span class='ocrx_word' id='word_1_475' title='bbox 1064 3501 1157 3557; x_wconf 90' lang='lat' dir='ltr'><strong>sed</strong></span> <span class='ocrx_word' id='word_1_476' title='bbox 1185 3502 1329 3556; x_wconf 82' lang='lat' dir='ltr'><strong>felici</strong></span> <span class='ocrx_word' id='word_1_477' title='bbox 1350 3518 1530 3557; x_wconf 87' lang='lat' dir='ltr'><strong>amore</strong></span> <span class='ocrx_word' id='word_1_478' title='bbox 1552 3505 1775 3557; x_wconf 81' lang='lat' dir='ltr'><strong>fruetur.</strong></span> <span class='ocrx_word' id='word_1_479' title='bbox 1849 3501 2053 3556; x_wconf 87' lang='lat' dir='ltr'><strong>Eadem</strong></span> <span class='ocrx_word' id='word_1_480' title='bbox 2089 3505 2199 3555; x_wconf 86' lang='lat' dir='ltr'><strong>fere</strong></span> <span class='ocrx_word' id='word_1_481' title='bbox 2232 3499 2438 3554; x_wconf 88' lang='lat' dir='ltr'><strong>ratione</strong></span> <span class='ocrx_word' id='word_1_482' title='bbox 2462 3496 2717 3551; x_wconf 88' lang='lat' dir='ltr'><strong>Ribbeck.</strong></span> <span class='ocrx_word' id='word_1_483' title='bbox 2753 3512 2876 3550; x_wconf 91' lang='lat' dir='ltr'><strong>con-</strong></span> 
     </span>
     <span class='ocr_line' id='line_1_45' title="bbox 529 3565 2873 3638; baseline -0.002 -18"><span class='ocrx_word' id='word_1_484' title='bbox 529 3568 653 3621; x_wconf 85' lang='lat' dir='ltr'><strong>iecit</strong></span> <span class='ocrx_word' id='word_1_485' title='bbox 708 3568 787 3620; x_wconf 74' lang='lat' dir='ltr'><strong>Et</strong></span> <span class='ocrx_word' id='word_1_486' title='bbox 832 3571 1078 3638; x_wconf 53' lang='lat' dir='ltr'><strong>quisquis</strong></span> <span class='ocrx_word' id='word_1_487' title='bbox 1133 3588 1346 3623; x_wconf 67' lang='lat' dir='ltr'><strong>autores</strong></span> <span class='ocrx_word' id='word_1_488' title='bbox 1389 3571 1549 3623; x_wconf 80' lang='lat' dir='ltr'><strong>Haut</strong></span> <span class='ocrx_word' id='word_1_489' title='bbox 1602 3577 1793 3624; x_wconf 73' lang='lat' dir='ltr'><strong>temnet</strong></span> <span class='ocrx_word' id='word_1_490' title='bbox 1833 3572 2043 3633; x_wconf 72' lang='lat' dir='ltr'><strong>dulces,</strong></span> <span class='ocrx_word' id='word_1_491' title='bbox 2096 3570 2228 3622; x_wconf 77' lang='lat' dir='ltr'><strong>haut</strong></span> <span class='ocrx_word' id='word_1_492' title='bbox 2277 3565 2589 3636; x_wconf 71' lang='lat' dir='ltr'><strong>experietur</strong></span> <span class='ocrx_word' id='word_1_493' title='bbox 2633 3579 2873 3626; x_wconf 83' lang='lat' dir='ltr'><strong>amaros,</strong></span> 
     </span>
     <span class='ocr_line' id='line_1_46' title="bbox 530 3634 2874 3705; baseline -0.002 -16"><span class='ocrx_word' id='word_1_494' title='bbox 530 3651 687 3704; x_wconf 84' lang='lat' dir='ltr'><strong>quam</strong></span> <span class='ocrx_word' id='word_1_495' title='bbox 723 3637 1079 3691; x_wconf 88' lang='lat' dir='ltr'><strong>coniecturam</strong></span> <span class='ocrx_word' id='word_1_496' title='bbox 1120 3638 1301 3700; x_wconf 83' lang='lat' dir='ltr'><strong>ctiam,</strong></span> <span class='ocrx_word' id='word_1_497' title='bbox 1339 3653 1373 3691; x_wconf 94' lang='lat' dir='ltr'><strong>a</strong></span> <span class='ocrx_word' id='word_1_498' title='bbox 1405 3637 1684 3692; x_wconf 88' lang='lat' dir='ltr'><strong>Gebauero</strong></span> <span class='ocrx_word' id='word_1_499' title='bbox 1718 3637 1755 3691; x_wconf 88' lang='lat' dir='ltr'>L</span> <span class='ocrx_word' id='word_1_500' title='bbox 1793 3638 1832 3691; x_wconf 93' lang='lat' dir='ltr'><strong>l.</strong></span> <span class='ocrx_word' id='word_1_501' title='bbox 1869 3638 2221 3693; x_wconf 85' lang='lat' dir='ltr'><strong>Graserianae</strong></span> <span class='ocrx_word' id='word_1_502' title='bbox 2255 3634 2571 3705; x_wconf 86' lang='lat' dir='ltr'><strong>praelatam,</strong></span> <span class='ocrx_word' id='word_1_503' title='bbox 2612 3649 2710 3701; x_wconf 86' lang='lat' dir='ltr'><strong>ego</strong></span> <span class='ocrx_word' id='word_1_504' title='bbox 2745 3649 2874 3702; x_wconf 86' lang='lat' dir='ltr'><strong>quo-</strong></span> 
     </span>
     <span class='ocr_line' id='line_1_47' title="bbox 530 3700 2873 3774; baseline -0.001 -18"><span class='ocrx_word' id='word_1_505' title='bbox 530 3720 631 3772; x_wconf 85' lang='lat' dir='ltr'><strong>que</strong></span> <span class='ocrx_word' id='word_1_506' title='bbox 666 3719 785 3756; x_wconf 90' lang='lat' dir='ltr'><strong>cum</strong></span> <span class='ocrx_word' id='word_1_507' title='bbox 821 3704 1030 3758; x_wconf 85' lang='lat' dir='ltr'><strong>Ladew.</strong></span> <span class='ocrx_word' id='word_1_508' title='bbox 1068 3706 1401 3774; x_wconf 86' lang='lat' dir='ltr'><strong>recepissem,</strong></span> <span class='ocrx_word' id='word_1_509' title='bbox 1440 3706 1543 3759; x_wconf 88' lang='lat' dir='ltr'><strong>nisi</strong></span> <span class='ocrx_word' id='word_1_510' title='bbox 1588 3705 1685 3759; x_wconf 81' lang='lat' dir='ltr'><strong>illa</strong></span> <span class='ocrx_word' id='word_1_511' title='bbox 1719 3705 1887 3759; x_wconf 82' lang='lat' dir='ltr'><strong>Codd.</strong></span> <span class='ocrx_word' id='word_1_512' title='bbox 1927 3705 2144 3760; x_wconf 88' lang='lat' dir='ltr'><strong>lectioni</strong></span> <span class='ocrx_word' id='word_1_513' title='bbox 2178 3703 2351 3772; x_wconf 82' lang='lat' dir='ltr'><strong>magis</strong></span> <span class='ocrx_word' id='word_1_514' title='bbox 2378 3700 2738 3771; x_wconf 87' lang='lat' dir='ltr'><strong>responderet.</strong></span> <span class='ocrx_word' id='word_1_515' title='bbox 2775 3701 2873 3753; x_wconf 83' lang='lat' dir='ltr'><strong>Ce-</strong></span> 
     </span>
     <span class='ocr_line' id='line_1_48' title="bbox 530 3767 2876 3848; baseline -0.002 -25"><span class='ocrx_word' id='word_1_516' title='bbox 530 3777 703 3824; x_wconf 88' lang='lat' dir='ltr'><strong>terum</strong></span> <span class='ocrx_word' id='word_1_517' title='bbox 749 3770 814 3825; x_wconf 92' lang='lat' dir='ltr'><strong>de</strong></span> <span class='ocrx_word' id='word_1_518' title='bbox 859 3772 1124 3827; x_wconf 89' lang='lat' dir='ltr'><strong>scribendi</strong></span> <span class='ocrx_word' id='word_1_519' title='bbox 1167 3774 1371 3827; x_wconf 90' lang='lat' dir='ltr'><strong>ratione</strong></span> <span class='ocrx_word' id='word_1_520' title='bbox 1413 3774 1568 3838; x_wconf 67' lang='grc' dir='ltr'><em>Ιιαηι,</em></span> <span class='ocrx_word' id='word_1_521' title='bbox 1619 3773 1726 3827; x_wconf 81' lang='lat' dir='ltr'><strong>vid.</strong></span> <span class='ocrx_word' id='word_1_522' title='bbox 1772 3773 1966 3842; x_wconf 81' lang='lat' dir='ltr'><strong>Wagn.</strong></span> <span class='ocrx_word' id='word_1_523' title='bbox 2003 3772 2157 3828; x_wconf 83' lang='lat' dir='ltr'><strong>Orth.</strong></span> <span class='ocrx_word' id='word_1_524' title='bbox 2194 3772 2355 3840; x_wconf 86' lang='lat' dir='ltr'><strong>Verg.</strong></span> <span class='ocrx_word' id='word_1_525' title='bbox 2401 3787 2454 3848; x_wconf 84' lang='lat' dir='ltr'><strong>p.</strong></span> <span class='ocrx_word' id='word_1_526' title='bbox 2492 3772 2608 3822; x_wconf 78' lang='lat'><strong>423.</strong></span> <span class='ocrx_word' id='word_1_527' title='bbox 2653 3771 2709 3820; x_wconf 88' lang='lat' dir='ltr'><strong>et</strong></span> <span class='ocrx_word' id='word_1_528' title='bbox 2745 3767 2876 3819; x_wconf 86' lang='lat' dir='ltr'><strong>Rib-</strong></span> 
     </span>
     <span class='ocr_line' id='line_1_49' title="bbox 530 3837 2875 3909; baseline -0.002 -18"><span class='ocrx_word' id='word_1_529' title='bbox 530 3838 697 3891; x_wconf 88' lang='lat' dir='ltr'><strong>beckii</strong></span> <span class='ocrx_word' id='word_1_530' title='bbox 758 3838 969 3906; x_wconf 79' lang='lat' dir='ltr'><strong>Prbleg.</strong></span> <span class='ocrx_word' id='word_1_531' title='bbox 1029 3858 1081 3909; x_wconf 65' lang='grc' dir='ltr'><strong>με</strong></span> <span class='ocrx_word' id='word_1_532' title='bbox 1133 3845 1248 3895; x_wconf 76' lang='grc' dir='ltr'><strong>39ῖ.</strong></span> <span class='ocrx_word' id='word_1_533' title='bbox 1327 3842 1460 3895; x_wconf 74' lang='lat' dir='ltr'><strong>Cum</strong></span> <span class='ocrx_word' id='word_1_534' title='bbox 1513 3841 1595 3894; x_wconf 87' lang='lat' dir='ltr'><strong>his</strong></span> <span class='ocrx_word' id='word_1_535' title='bbox 1655 3840 1972 3896; x_wconf 87' lang='lat' dir='ltr'><strong>coniecturis</strong></span> <span class='ocrx_word' id='word_1_536' title='bbox 2025 3844 2361 3909; x_wconf 81' lang='lat' dir='ltr'><strong>comparatae</strong></span> <span class='ocrx_word' id='word_1_537' title='bbox 2411 3839 2590 3891; x_wconf 78' lang='lat' dir='ltr'><strong>iacent</strong></span> <span class='ocrx_word' id='word_1_538' title='bbox 2639 3837 2875 3904; x_wconf 84' lang='lat' dir='ltr'><strong>profecto</strong></span> 
     </span>
     <span class='ocr_line' id='line_1_50' title="bbox 531 3905 2874 3978; baseline -0.002 -19"><span class='ocrx_word' id='word_1_539' title='bbox 531 3905 843 3968; x_wconf 86' lang='lat' dir='ltr'><strong>Ebertiana,</strong></span> <span class='ocrx_word' id='word_1_540' title='bbox 910 3923 1095 3975; x_wconf 84' lang='lat' dir='ltr'><strong>quam.</strong></span> <span class='ocrx_word' id='word_1_541' title='bbox 1164 3924 1196 3961; x_wconf 84' lang='lat' dir='ltr'><strong>a</strong></span> <span class='ocrx_word' id='word_1_542' title='bbox 1246 3908 1451 3963; x_wconf 83' lang='lat' dir='ltr'><strong>Wakes.</strong></span> <span class='ocrx_word' id='word_1_543' title='bbox 1509 3909 1616 3962; x_wconf 89' lang='lat' dir='ltr'><strong>iam</strong></span> <span class='ocrx_word' id='word_1_544' title='bbox 1677 3913 1976 3978; x_wconf 87' lang='lat' dir='ltr'><strong>receptam,</strong></span> <span class='ocrx_word' id='word_1_545' title='bbox 2040 3908 2197 3962; x_wconf 86' lang='lat' dir='ltr'><strong>huius</strong></span> <span class='ocrx_word' id='word_1_546' title='bbox 2259 3907 2539 3960; x_wconf 88' lang='lat' dir='ltr'><strong>immemor</strong></span> <span class='ocrx_word' id='word_1_547' title='bbox 2597 3907 2874 3971; x_wconf 83' lang='lat' dir='ltr'><strong>tamquam</strong></span> 
     </span>
     <span class='ocr_line' id='line_1_51' title="bbox 532 3973 2874 4047; baseline -0 -22"><span class='ocrx_word' id='word_1_548' title='bbox 532 3989 683 4026; x_wconf 89' lang='lat' dir='ltr'><strong>suam</strong></span> <span class='ocrx_word' id='word_1_549' title='bbox 726 3975 924 4042; x_wconf 89' lang='lat' dir='ltr'><strong>repetit</strong></span> <span class='ocrx_word' id='word_1_550' title='bbox 965 3974 1172 4029; x_wconf 81' lang='lat' dir='ltr'><strong>Peerlk.</strong></span> <span class='ocrx_word' id='word_1_551' title='bbox 1211 3976 1339 4030; x_wconf 81' lang='lat'><strong>1.1.:</strong></span> <span class='ocrx_word' id='word_1_552' title='bbox 1399 3984 1451 4030; x_wconf 77' lang='lat' dir='ltr'><strong>et</strong></span> <span class='ocrx_word' id='word_1_553' title='bbox 1493 3977 1742 4047; x_wconf 70' lang='lat' dir='ltr'><strong>quisquis</strong></span> <span class='ocrx_word' id='word_1_554' title='bbox 1784 3994 2009 4031; x_wconf 61' lang='lat' dir='ltr'><strong>amaros</strong></span> <span class='ocrx_word' id='word_1_555' title='bbox 2040 3984 2137 4029; x_wconf 80' lang='lat' dir='ltr'><strong>aut</strong></span> <span class='ocrx_word' id='word_1_556' title='bbox 2168 3981 2384 4040; x_wconf 76' lang='lat' dir='ltr'><strong>nwtuct,</strong></span> <span class='ocrx_word' id='word_1_557' title='bbox 2437 3973 2624 4025; x_wconf 72' lang='lat' dir='ltr'><strong>dulces</strong></span> <span class='ocrx_word' id='word_1_558' title='bbox 2658 3977 2754 4023; x_wconf 73' lang='lat' dir='ltr'><strong>aut</strong></span> <span class='ocrx_word' id='word_1_559' title='bbox 2788 3990 2874 4024; x_wconf 73' lang='lat' dir='ltr'><strong>ac-</strong></span> 
     </span>
    </p>

    <p class='ocr_par' dir='ltr' id='par_1_5' title="bbox 570 4038 2876 4112">
     <span class='ocr_line' id='line_1_52' title="bbox 570 4038 2876 4112; baseline -0.001 -18"><span class='ocrx_word' id='word_1_560' title='bbox 570 4042 769 4095; x_wconf 80' lang='lat' dir='ltr'><strong>erietur</strong></span> <span class='ocrx_word' id='word_1_561' title='bbox 815 4058 1046 4095; x_wconf 74' lang='lat' dir='ltr'><strong>amores.</strong></span> <span class='ocrx_word' id='word_1_562' title='bbox 1100 4053 1156 4096; x_wconf 88' lang='lat' dir='ltr'><strong>et</strong></span> <span class='ocrx_word' id='word_1_563' title='bbox 1199 4044 1487 4098; x_wconf 86' lang='lat' dir='ltr'><strong>temeraria</strong></span> <span class='ocrx_word' id='word_1_564' title='bbox 1527 4044 1792 4098; x_wconf 87' lang='lat' dir='ltr'><strong>Kalmusii</strong></span> <span class='ocrx_word' id='word_1_565' title='bbox 1853 4045 2057 4100; x_wconf 81' lang='lat' dir='ltr'><strong>(Exere.</strong></span> <span class='ocrx_word' id='word_1_566' title='bbox 2105 4043 2222 4098; x_wconf 86' lang='lat' dir='ltr'><strong>crit.</strong></span> <span class='ocrx_word' id='word_1_567' title='bbox 2257 4059 2309 4112; x_wconf 92' lang='lat' dir='ltr'><strong>p.</strong></span> <span class='ocrx_word' id='word_1_568' title='bbox 2348 4044 2397 4094; x_wconf 85' lang='lat'><strong>5.</strong></span> <span class='ocrx_word' id='word_1_569' title='bbox 2431 4057 2548 4111; x_wconf 92' lang='lat' dir='ltr'><strong>sqq.</strong></span> <span class='ocrx_word' id='word_1_570' title='bbox 2592 4038 2769 4092; x_wconf 87' lang='lat' dir='ltr'><strong>multa</strong></span> <span class='ocrx_word' id='word_1_571' title='bbox 2810 4039 2876 4092; x_wconf 88' lang='lat' dir='ltr'><strong>de</strong></span> 
     </span>
    </p>

    <p class='ocr_par' dir='ltr' id='par_1_6' title="bbox 526 4107 2877 4650">
     <span class='ocr_line' id='line_1_53' title="bbox 572 4107 2877 4181; baseline -0.001 -20"><span class='ocrx_word' id='word_1_572' title='bbox 572 4150 582 4161; x_wconf 94' lang='lat'><strong>.</strong></span> <span class='ocrx_word' id='word_1_573' title='bbox 629 4109 665 4162; x_wconf 94' lang='lat' dir='ltr'><strong>l.</strong></span> <span class='ocrx_word' id='word_1_574' title='bbox 720 4108 1069 4178; x_wconf 62' lang='lat' dir='ltr'><strong>disputantis)</strong></span> <span class='ocrx_word' id='word_1_575' title='bbox 1130 4119 1179 4163; x_wconf 78' lang='lat' dir='ltr'><strong>cc</strong></span> <span class='ocrx_word' id='word_1_576' title='bbox 1236 4113 1461 4181; x_wconf 52' lang='lat' dir='ltr'><strong>quasque</strong></span> <span class='ocrx_word' id='word_1_577' title='bbox 1519 4114 1763 4166; x_wconf 79' lang='lat' dir='ltr'><strong>canendo</strong></span> <span class='ocrx_word' id='word_1_578' title='bbox 1820 4112 1980 4166; x_wconf 78' lang='lat' dir='ltr'><strong>Haut</strong></span> <span class='ocrx_word' id='word_1_579' title='bbox 2033 4119 2234 4165; x_wconf 70' lang='lat' dir='ltr'><strong>metum</strong></span> <span class='ocrx_word' id='word_1_580' title='bbox 2296 4107 2485 4162; x_wconf 75' lang='lat' dir='ltr'><strong>dulces</strong></span> <span class='ocrx_word' id='word_1_581' title='bbox 2548 4123 2877 4174; x_wconf 68' lang='lat' dir='ltr'><strong>maqraeosqzm</strong></span> 
     </span>
     <span class='ocr_line' id='line_1_54' title="bbox 530 4174 2871 4250; baseline -0.001 -21"><span class='ocrx_word' id='word_1_582' title='bbox 530 4193 793 4245; x_wconf 80' lang='lat' dir='ltr'><strong>arponere</strong></span> <span class='ocrx_word' id='word_1_583' title='bbox 823 4194 1052 4232; x_wconf 72' lang='lat' dir='ltr'><strong>amores.</strong></span> <span class='ocrx_word' id='word_1_584' title='bbox 1122 4179 1371 4232; x_wconf 76' lang='lat' dir='ltr'><strong>Ceterum</strong></span> <span class='ocrx_word' id='word_1_585' title='bbox 1407 4196 1512 4233; x_wconf 91' lang='lat' dir='ltr'><strong>non</strong></span> <span class='ocrx_word' id='word_1_586' title='bbox 1548 4180 2030 4250; x_wconf 85' lang='lat' dir='ltr'><strong>praetermittenda</strong></span> <span class='ocrx_word' id='word_1_587' title='bbox 2062 4183 2146 4234; x_wconf 88' lang='lat' dir='ltr'><strong>est</strong></span> <span class='ocrx_word' id='word_1_588' title='bbox 2180 4175 2476 4232; x_wconf 87' lang='lat' dir='ltr'><strong>similitudo</strong></span> <span class='ocrx_word' id='word_1_589' title='bbox 2510 4192 2568 4229; x_wconf 93' lang='lat' dir='ltr'><strong>so</strong></span> <span class='ocrx_word' id='word_1_590' title='bbox 2610 4174 2621 4186; x_wconf 87' lang='lat'>&#39;</span> <span class='ocrx_word' id='word_1_591' title='bbox 2649 4175 2703 4227; x_wconf 90' lang='lat' dir='ltr'><strong>in</strong></span> <span class='ocrx_word' id='word_1_592' title='bbox 2727 4190 2871 4227; x_wconf 84' lang='lat' dir='ltr'><strong>voce.</strong></span> 
     </span>
     <span class='ocr_line' id='line_1_55' title="bbox 529 4241 2872 4314; baseline 0 -19"><span class='ocrx_word' id='word_1_593' title='bbox 529 4261 738 4314; x_wconf 76' lang='lat' dir='ltr'><strong>amores</strong></span> <span class='ocrx_word' id='word_1_594' title='bbox 789 4262 1028 4310; x_wconf 80' lang='lat' dir='ltr'><strong>amaros,</strong></span> <span class='ocrx_word' id='word_1_595' title='bbox 1066 4244 1131 4300; x_wconf 86' lang='lat' dir='ltr'><strong>de</strong></span> <span class='ocrx_word' id='word_1_596' title='bbox 1169 4263 1275 4314; x_wconf 88' lang='lat' dir='ltr'><strong>qua</strong></span> <span class='ocrx_word' id='word_1_597' title='bbox 1309 4264 1365 4301; x_wconf 92' lang='lat' dir='ltr'><strong>re</strong></span> <span class='ocrx_word' id='word_1_598' title='bbox 1409 4247 1514 4303; x_wconf 84' lang='lat' dir='ltr'><strong>vid.</strong></span> <span class='ocrx_word' id='word_1_599' title='bbox 1553 4247 1758 4302; x_wconf 88' lang='lat' dir='ltr'><strong>adnott.</strong></span> <span class='ocrx_word' id='word_1_600' title='bbox 1796 4246 1866 4301; x_wconf 85' lang='lat' dir='ltr'><strong>ad</strong></span> <span class='ocrx_word' id='word_1_601' title='bbox 1902 4248 2016 4303; x_wconf 89' lang='lat' dir='ltr'><strong>Ecl.</strong></span> <span class='ocrx_word' id='word_1_602' title='bbox 2043 4247 2166 4309; x_wconf 88' lang='lat' dir='ltr'><strong>VII,</strong></span> <span class='ocrx_word' id='word_1_603' title='bbox 2192 4252 2238 4300; x_wconf 76' lang='grc' dir='ltr'><strong>ε’).</strong></span> <span class='ocrx_word' id='word_1_604' title='bbox 2268 4247 2324 4300; x_wconf 87' lang='lat' dir='ltr'><strong>et</strong></span> <span class='ocrx_word' id='word_1_605' title='bbox 2347 4243 2496 4306; x_wconf 85' lang='lat' dir='ltr'><strong>vm,</strong></span> <span class='ocrx_word' id='word_1_606' title='bbox 2538 4246 2619 4296; x_wconf 73' lang='lat'><strong>79.</strong></span> <span class='ocrx_word' id='word_1_607' title='bbox 2755 4241 2872 4301; x_wconf 88' lang='grc'><strong>111.</strong></span> 
     </span>
     <span class='ocr_line' id='line_1_56' title="bbox 534 4284 2869 4392; baseline 0.001 -30"><span class='ocrx_word' id='word_1_608' title='bbox 534 4284 842 4366; x_wconf 65' lang='lat' dir='ltr'><strong>Claudite</strong></span> <span class='ocrx_word' id='word_1_609' title='bbox 874 4313 1005 4392; x_wconf 59' lang='lat' dir='ltr'><strong>{am</strong></span> <span class='ocrx_word' id='word_1_610' title='bbox 1036 4315 1234 4367; x_wconf 71' lang='lat' dir='ltr'><strong>rivos.</strong></span> <span class='ocrx_word' id='word_1_611' title='bbox 1306 4314 1596 4370; x_wconf 85' lang='lat' dir='ltr'><strong>Palaemon</strong></span> <span class='ocrx_word' id='word_1_612' title='bbox 1632 4315 1723 4384; x_wconf 86' lang='lat' dir='ltr'><strong>qui</strong></span> <span class='ocrx_word' id='word_1_613' title='bbox 1762 4315 2150 4371; x_wconf 85' lang='lat' dir='ltr'><strong>existimandus</strong></span> <span class='ocrx_word' id='word_1_614' title='bbox 2186 4317 2269 4369; x_wconf 88' lang='lat' dir='ltr'><strong>est</strong></span> <span class='ocrx_word' id='word_1_615' title='bbox 2307 4312 2477 4367; x_wconf 84' lang='lat' dir='ltr'><strong>exisse</strong></span> <span class='ocrx_word' id='word_1_616' title='bbox 2512 4309 2677 4365; x_wconf 73' lang='lat' dir='ltr'><strong>servis</strong></span> <span class='ocrx_word' id='word_1_617' title='bbox 2704 4310 2869 4380; x_wconf 89' lang='lat' dir='ltr'><strong>impe·</strong></span> 
     </span>
     <span class='ocr_line' id='line_1_57' title="bbox 532 4379 2870 4463; baseline 0 -32"><span class='ocrx_word' id='word_1_618' title='bbox 532 4382 724 4457; x_wconf 74' lang='lat' dir='ltr'><strong>ratum.</strong></span> <span class='ocrx_word' id='word_1_619' title='bbox 765 4385 829 4433; x_wconf 88' lang='lat' dir='ltr'><strong>ut</strong></span> <span class='ocrx_word' id='word_1_620' title='bbox 864 4397 1004 4434; x_wconf 79' lang='lat' dir='ltr'><strong>rivos</strong></span> <span class='ocrx_word' id='word_1_621' title='bbox 1038 4398 1129 4435; x_wconf 86' lang='lat' dir='ltr'><strong>seu</strong></span> <span class='ocrx_word' id='word_1_622' title='bbox 1167 4382 1378 4437; x_wconf 87' lang='lat' dir='ltr'><strong>canales</strong></span> <span class='ocrx_word' id='word_1_623' title='bbox 1421 4383 1489 4437; x_wconf 88' lang='lat' dir='ltr'><strong>ad</strong></span> <span class='ocrx_word' id='word_1_624' title='bbox 1525 4382 1797 4452; x_wconf 79' lang='lat' dir='ltr'><strong>irriganda</strong></span> <span class='ocrx_word' id='word_1_625' title='bbox 1843 4391 2001 4452; x_wconf 83' lang='lat' dir='ltr'><strong>prata</strong></span> <span class='ocrx_word' id='word_1_626' title='bbox 2042 4383 2337 4463; x_wconf 80' lang='lat' dir='ltr'><strong>aperirent,</strong></span> <span class='ocrx_word' id='word_1_627' title='bbox 2390 4393 2537 4441; x_wconf 71' lang='lat' dir='ltr'><strong>(nam</strong></span> <span class='ocrx_word' id='word_1_628' title='bbox 2580 4379 2870 4432; x_wconf 85' lang='lat' dir='ltr'><strong>secundum</strong></span> 
     </span>
     <span class='ocr_line' id='line_1_58' title="bbox 532 4445 2874 4522; baseline 0 -24"><span class='ocrx_word' id='word_1_629' title='bbox 532 4445 735 4514; x_wconf 77' lang='lat' dir='ltr'><strong>Digest.</strong></span> <span class='ocrx_word' id='word_1_630' title='bbox 780 4447 983 4508; x_wconf 86' lang='lat' dir='ltr'><strong>XLIII,</strong></span> <span class='ocrx_word' id='word_1_631' title='bbox 1021 4452 1110 4511; x_wconf 83' lang='lat'><strong>21,</strong></span> <span class='ocrx_word' id='word_1_632' title='bbox 1154 4455 1196 4503; x_wconf 85' lang='lat'><strong>1.</strong></span> <span class='ocrx_word' id='word_1_633' title='bbox 1240 4455 1314 4514; x_wconf 83' lang='grc'><strong>2.,</strong></span> <span class='ocrx_word' id='word_1_634' title='bbox 1362 4467 1519 4520; x_wconf 88' lang='lat' dir='ltr'><strong>quem</strong></span> <span class='ocrx_word' id='word_1_635' title='bbox 1560 4451 1739 4504; x_wconf 87' lang='lat' dir='ltr'><strong>locum</strong></span> <span class='ocrx_word' id='word_1_636' title='bbox 1780 4452 2102 4522; x_wconf 65' lang='lat' dir='ltr'><strong>Conington]</strong></span> <span class='ocrx_word' id='word_1_637' title='bbox 2146 4450 2338 4512; x_wconf 90' lang='lat' dir='ltr'><strong>debeo,</strong></span> <span class='ocrx_word' id='word_1_638' title='bbox 2382 4447 2563 4500; x_wconf 75' lang='lat' dir='ltr'><strong>Rivus</strong></span> <span class='ocrx_word' id='word_1_639' title='bbox 2604 4453 2680 4498; x_wconf 76' lang='lat' dir='ltr'><strong>est</strong></span> <span class='ocrx_word' id='word_1_640' title='bbox 2720 4448 2874 4499; x_wconf 66' lang='lat' dir='ltr'><strong>lomes</strong></span> 
     </span>
     <span class='ocr_line' id='line_1_59' title="bbox 526 4513 2870 4593; baseline 0 -27"><span class='ocrx_word' id='word_1_641' title='bbox 526 4531 629 4593; x_wconf 63' lang='lat' dir='ltr'><strong>per</strong></span> <span class='ocrx_word' id='word_1_642' title='bbox 680 4513 1073 4582; x_wconf 75' lang='lat' dir='ltr'><strong>lonqitudiuem</strong></span> <span class='ocrx_word' id='word_1_643' title='bbox 1111 4521 1418 4588; x_wconf 63' lang='lat' dir='ltr'><strong>depressius,</strong></span> <span class='ocrx_word' id='word_1_644' title='bbox 1469 4537 1578 4589; x_wconf 70' lang='lat' dir='ltr'><strong>quo</strong></span> <span class='ocrx_word' id='word_1_645' title='bbox 1623 4535 1770 4587; x_wconf 75' lang='lat' dir='ltr'><strong>aqna</strong></span> <span class='ocrx_word' id='word_1_646' title='bbox 1815 4522 2094 4578; x_wconf 74' lang='lat' dir='ltr'><strong>decurrat)</strong></span> <span class='ocrx_word' id='word_1_647' title='bbox 2145 4534 2312 4580; x_wconf 91' lang='lat' dir='ltr'><strong>nunc,</strong></span> <span class='ocrx_word' id='word_1_648' title='bbox 2366 4515 2519 4569; x_wconf 87' lang='lat' dir='ltr'><strong>finito</strong></span> <span class='ocrx_word' id='word_1_649' title='bbox 2563 4513 2870 4572; x_wconf 86' lang='lat' dir='ltr'><strong>certamine,</strong></span> 
     </span>
     <span class='ocr_line' id='line_1_60' title="bbox 536 4581 2873 4650; baseline 0 -15"><span class='ocrx_word' id='word_1_650' title='bbox 536 4596 685 4636; x_wconf 78' lang='lat' dir='ltr'><strong>cuius</strong></span> <span class='ocrx_word' id='word_1_651' title='bbox 745 4582 950 4637; x_wconf 89' lang='lat' dir='ltr'><strong>arbiter</strong></span> <span class='ocrx_word' id='word_1_652' title='bbox 1006 4584 1298 4640; x_wconf 84' lang='lat' dir='ltr'><strong>advocatus</strong></span> <span class='ocrx_word' id='word_1_653' title='bbox 1358 4589 1475 4641; x_wconf 88' lang='lat' dir='ltr'><strong>erat</strong></span> <span class='ocrx_word' id='word_1_654' title='bbox 1495 4625 1509 4650; x_wconf 90' lang='lat'><em>‚</em></span> <span class='ocrx_word' id='word_1_655' title='bbox 1575 4584 1645 4640; x_wconf 92' lang='lat' dir='ltr'><strong>ad</strong></span> <span class='ocrx_word' id='word_1_656' title='bbox 1708 4601 1889 4640; x_wconf 76' lang='lat' dir='ltr'><strong>servos</strong></span> <span class='ocrx_word' id='word_1_657' title='bbox 1945 4603 2068 4640; x_wconf 85' lang='lat' dir='ltr'><strong>suos</strong></span> <span class='ocrx_word' id='word_1_658' title='bbox 2129 4587 2324 4640; x_wconf 87' lang='lat' dir='ltr'><strong>iterum</strong></span> <span class='ocrx_word' id='word_1_659' title='bbox 2388 4596 2669 4638; x_wconf 85' lang='lat' dir='ltr'><strong>conversus</strong></span> <span class='ocrx_word' id='word_1_660' title='bbox 2731 4581 2873 4636; x_wconf 76' lang='lat' dir='ltr'><strong>rivos</strong></span> 
     </span>
    </p>
   </div>
  </div>
 </body>
</html>
