3616 5026
1417 234 1967 306 GEORGIOON.
2031 237 2199 304 ΜΒ.
2256 236 2310 327 J.
2911 247 3036 310 227

682 397 1021 466 Candidus
1067 403 1312 468 auratis
1355 403 1569 489 aperit
1615 425 1760 468 cum
1805 404 2115 471 cornibus
2159 428 2401 471 annum

682 481 941 549 Taurus
988 493 1051 548 et
1095 484 1374 551 adverso
1420 484 1658 550 cedens
1703 485 1906 552 Canis
1952 489 2189 554 occidit
2231 501 2429 555 astro.

681 565 771 630 At
816 568 873 632 si
914 567 1234 633 triticeam
1260 575 1349 634 -in
1392 591 1668 634 messem
1712 569 2115 660 robustaque
2152 574 2332 637 farra

678 648 1049 715 Exercebis
1090 649 1352 717 humum
1403 652 1688 740 solisque
1730 653 2010 719 instabis
2056 657 2295 738 aristis,
2943 666 3042 717 220

685 915 961 970 variorum
996 916 1236 972 locorum
1273 917 1560 973 discrimen
1597 935 1701 972 non
1737 920 2052 989 respicien3‚
2101 923 2300 976 temere
2338 921 2406 975 ob
2443 921 2499 976 h.
2535 920 2576 975 1.
2630 917 2929 987 Vergilium
2963 918 3042 970 vi-

684 988 906 1064 tuperat
945 983 1147 1040 Seneca
1162 984 1338 1055 Epist.
1379 988 1484 1047 86„
1523 987 1613 1056 qui
1647 990 1837 1056 poetae
1873 994 2057 1041 nostro
2094 990 2330 1058 opponit,
2370 1006 2427 1043 se
2460 1007 2529 1042 m.
2558 989 2723 1042 Iunio
2758 989 2871 1040 iam
2899 1003 3040 1055 pro-

681 1050 828 1105 clwo
869 1052 931 1105 in
964 1053 1174 1106 Iulium
1217 1055 1407 1108 eodem
1446 1054 1538 1107 die
1583 1055 1787 1108 vidis-w
1820 1056 2026 1122 fabam
2065 1064 2337 1123 metentes,
2374 1057 2589 1110 milium
2637 1064 2883 1109 sarmata.
2956 1055 3039 1108 Cf.

680 1118 835 1173 Voss.
855 1119 996 1174 adh.
1024 1120 1062 1175 l.
1101 1152 1167 1160 —
1199 1122 1392 1174 milio
1428 1121 1607 1173 venit
1640 1140 1865 1195 annua
1898 1140 2056 1177 cura
2099 1124 2304 1193 poetice
2347 1139 2469 1192 pro:
2509 1123 2717 1177 milium
2753 1124 3040 1192 quotannis

681 1186 880 1241 seritur
916 1187 1029 1252 sed,
1067 1190 1132 1241 ut
1156 1188 1238 1243 He
1260 1206 1330 1243 m.
1369 1186 1618 1251 adnotat,
1654 1192 1902 1244 medicae
1933 1196 2184 1261 respectu
2220 1190 2426 1253 habito,
2465 1207 2606 1261 quae
2646 1207 2708 1245 ex
2743 1207 2850 1244 uno
2891 1192 3045 1244 dent<

679 1268 825 1317 (nam
873 1255 1019 1325 apud
1057 1255 1198 1310 Plin.
1238 1205 1287 1309 l.
1324 1254 1365 1309 1.
1415 1260 1663 1326 corrupte
1711 1257 1937 1311 tricenis
1981 1259 2201 1327 legitur)
2254 1259 2410 1313 annis
2453 1260 2641 1317 durat,
2693 1259 2728 1311 i.
2772 1275 2817 1312 e.
2866 1260 3035 1312 semel

679 1327 801 1377 sata
834 1338 931 1391 per
967 1322 1152 1378 decem
1186 1339 1354 1377 annos
1389 1323 1604 1378 fructus
1641 1326 1764 1382 fert.
1806 1341 1913 1378 non
1947 1326 2148 1380 iterata
2183 1327 2408 1380 satione.
2446 1359 2513 1367 -
2549 1324 2679 1385 217.
2722 1366 2758 1393 ‚,
2783 1326 2940 1379 Vere
2966 1358 2985 1368 -
3018 1356 3036 1365 -

678 1408 834 1457 cum,
876 1389 989 1445 sole
1021 1390 1079 1445 in
1116 1390 1353 1450 Taurum
1390 1391 1650 1461 ingresso,
1691 1393 1742 1447 h.
1782 1409 1828 1447 e.
1868 1393 2086 1448 ineunte
2123 1409 2259 1447 vere.
2329 1393 2413 1447 Ad
2454 1400 2699 1463 tempora
2732 1398 2913 1447 autem
2949 1394 3039 1447 de-

678 1457 946 1531 signanda
990 1460 1181 1512 amant
1224 1464 1415 1527 poetae
1461 1459 1698 1514 siderum
1748 1464 1956 1514 motum
2002 1476 2437 1524 commemorare,
2494 1461 2742 1540 quoniam
2792 1477 2855 1514 ea
2899 1463 3039 1515 ratio

780 1526 952 1580 ticum
986 1532 1236 1581 ornatum
1282 1527 1550 1581 admittit.
1589 1559 1655 1567 —
1697 1527 1962 1581 Taurus
2004 1532 2089 1583 est
2129 1528 2343 1595 signum
2390 1543 2536 1582 verm
2582 1528 2866 1597 temporis;
2916 1544 3036 1583 eum

751 1592 772 1646 1
808 1592 902 1646 illo
950 1597 1191 1662 tempore
1236 1594 1426 1648 adibat
1459 1594 1555 1649 IV.
1600 1594 1716 1649 Cal.
1755 1596 1948 1650 Maias.
2019 1596 2102 1649 Cf.
2136 1594 2324 1649 Petav.
2361 1596 2586 1649 Auctar.
2624 1594 2670 1648 Ο
2712 1636 2722 1647 .
2763 1595 2829 1649 de
2864 1594 3037 1649 doctr.

678 1666 847 1730 temp.
888 1660 1009 1725 VII,
1049 1666 1140 1714 3.“
1178 1661 1359 1730 Hcyn.
1433 1661 1640 1716 Colum.
1683 1662 1777 1726 XI,
1820 1667 1867 1727 2,
1909 1666 1991 1718 36.
2027 1666 2208 1717 autem
2243 1666 2460 1717 auctore
2502 1661 2631 1716 XV.
2724 1662 2802 1716 al.
2841 1663 3040 1716 Maias

676 1727 765 1781 sol
805 1729 866 1781 in
901 1729 1148 1783 Taurum
1183 1731 1477 1783 tramitum
1498 1730 1660 1798 facit
1694 1733 1750 1785 et
1790 1731 1956 1785 cunas
1984 1732 2175 1801 pridie
2209 1728 2341 1785 Kal.
2376 1730 2577 1783 Alaina
2610 1746 2669 1783 se
2702 1747 2921 1800 vespere
2956 1748 3040 1784 ce—

678 1798 773 1850 lat.
811 1825 874 1835 -
931 1794 1309 1861 Candidus,
1366 1801 1652 1877 tamquam
1701 1798 1851 1852 sidus
1897 1798 2039 1852 clare
2084 1798 2327 1919 fflffls’
2383 1798 2653 1852 auratis
2700 1797 3037 1861 cornibus,

678 1862 1034 1918 rutilantibus
1086 1868 1305 1934 propter
1352 1864 1716 1919 lucidissimas
1761 1866 1816 1919 in
1862 1866 2041 1920 fronte
2086 1870 2167 1920 ste
2288 1905 2301 1923 ‚
2356 1866 2581 1936 aperit
2622 1883 2879 1926 aunum,
2919 1880 3037 1918 cum

680 1930 818 1985 illud
854 1931 984 1985 anni
1022 1935 1256 2000 tempus,
1296 1948 1402 2002 quo
1438 1932 1605 1987 tellus
1642 1933 1853 1987 reclusa
1894 1950 2061 1988 novos
2096 1934 2251 1987 fiores
2284 1932 2587 2003 herbasque
2625 1932 2878 1995 effundit,
2921 1938 3038 1985 tum

678 1998 897 2067 incipit;
941 1998 1164 2068 ideoque
1204 1999 1415 2055 reducit
1451 2000 1507 2054 id
1541 2005 1783 2070 tempus,
1824 2018 1945 2071 quo,
1987 2002 2032 2054 si
2070 2005 2322 2056 naturam
2358 1999 2546 2055 ducem
2588 2001 2877 2069 sequimur,
2920 2016 3041 2054 vere

681 2082 855 2120 annus
889 2066 1107 2120 initium
1142 2082 1207 2121 ca
1245 2068 1316 2131 it;
1355 2084 1522 2138 quare
1554 2069 1721 2123 etiam
1755 2069 1826 2122 ab
1861 2071 2154 2138 aperiendi
2188 2068 2447 2122 vocabulo
2485 2084 2676 2123 nomen
2709 2085 2782 2121 m.
2822 2070 3044 2139 Aprilis

684 2133 961 2188 deducunt
993 2134 1152 2188 Varr.
1188 2084 1354 2189 1111..
1391 2135 1456 2195 V,
1493 2140 1545 2189 4.
1584 2153 1636 2206 p.
1675 2143 1758 2215 60.
1814 2136 1936 2205 Bip.
1977 2142 2032 2190 et
2070 2135 2223 2191 ovid.
2259 2136 2411 2189 Fast.
2452 2135 2545 2214 Π,
2584 2140 2666 2189 87.
2736 2135 3039 2215 Admodum

683 2203 820 2256 bene
858 2204 1043 2256 autem
1063 2201 1273 2256 Taurus
1313 2203 1539 2272 fingitur
1574 2208 1748 2273 capite
1785 2204 1940 2273 quasi
1977 2204 2228 2273 depresso
2255 2207 2311 2257 et
2334 2203 2584 2257 cornibus
2610 2206 2875 2272 protentis
2898 2219 3039 2256 viam

682 2269 787 2323 sibi
823 2268 1002 2323 facere
1039 2285 1135 2339 per
1169 2270 1377 2324 caelum
1415 2273 1471 2324 et
1504 2271 1586 2324 ita
1617 2286 1820 2325 annum
1855 2291 1890 2324 a
1934 2273 2077 2325 crire
2085 2292 2107 2339 ,·
2153 2270 2604 2340 quemadmodum
2640 2286 2805 2339 supra
2837 2286 2887 2324 v,
2926 2275 3042 2325 205.

679 2337 845 2391 Libra
876 2336 1037 2391 horas
1076 2338 1232 2407 quasi
1265 2338 1476 2391 librare
1513 2337 1727 2392 dicitur.
1755 2370 1822 2378 ω
1905 2356 1996 2392 um
2035 2338 2250 2403 Canis,
2291 2339 2324 2392 i.
2361 2354 2407 2392 e.
2443 2338 2630 2397 Sirius,
2671 2339 2925 2392 occidit
2948 2338 3039 2392 he·

680 2403 832 2463 liace,
870 2403 926 2457 h.
967 2421 1014 2458 e.
1066 2405 1300 2475 conspici
1334 2422 1420 2459 am
1460 2404 1568 2459 lius
1603 2422 1710 2460 non
1781 2410 1951 2469 otest,
2002 2406 2112 2459 sole
2161 2406 2383 2459 nimium
2424 2406 2615 2460 vicino.
2686 2405 2906 2475 Proprie
2945 2422 3040 2459 au-

682 2478 794 2527 tem
840 2471 914 2526 ali
953 2475 1051 2526 uot
1096 2471 1285 2527 diebus
1369 2489 1428 2527 os
1468 2515 1479 2536 ,
1531 2489 1693 2543 quam
1764 2474 1941 2529 ’aurus
1987 2474 2182 2534 oritur,
2234 2473 2445 2528 ultimis
2481 2490 2554 2528 m.
2591 2472 2792 2543 Aprilis
2833 2473 3036 2532 diebus,

681 2539 893 2595 occidit.
1003 2582 1014 2594 .
1043 2540 1250 2595 Colum.
1345 2582 1356 2603 ,
1392 2544 1443 2602 2,
1471 2544 1557 2595 26.
1580 2541 1708 2595 XV.
1730 2542 1861 2596 Kal.
1888 2542 2081 2596 Maias
2100 2542 2188 2595 sol
2210 2543 2266 2594 in
2299 2544 2545 2595 Taurum
2564 2543 2852 2595 tramitum
2861 2544 3035 2610 facit.

680 2607 884 2687 Pnjdie
917 2607 1047 2687 Kal.
1085 2608 1284 2700 hlaine
1321 2607 1492 2662 Gam's
1523 2627 1581 2663 ec
1613 2626 1834 2679 vespere
1867 2611 2028 2663 celat.
2101 2608 2259 2663 Cedit
2297 2613 2497 2688 aute-m·
2524 2617 2709 2688 astro
2753 2611 3037 2688 aflverso

682 2678 1155 2798 ἓξὲἑαὲἔῗιῖἳωῗ
1176 2675 1534 2822 imni?
1556 2675 2851 2824 fflzffirfflffiss¹ctffif⁸ssdthm¹ss⁸ffisss
2876 2693 3036 2798 {33¹3}

682 2813 934 2865 frontem.
1003 2810 1159 2864 Hanc
1192 2815 1377 2865 autem
1409 2810 1694 2866 lectionem
1733 2816 1959 2866 tuentur
1975 2812 2135 2879 Med„
2171 2812 2322 2866 Rom.
2365 2812 2417 2868 ‹22
2455 2826 2540 2864 cm
2575 2813 2756 2865 tamen
2782 2810 3035 2865 R1bbeck.

682 2877 913 2933 alteram
948 2877 1232 2933 lectionem
1274 2879 1489 2938 tribuit)
1526 2879 1723 2949 aliique
1761 2881 1883 2934 boni
1919 2879 2086 2934 Codd.
2123 2884 2179 2934 et
2213 2879 2300 2933 hic
2335 2883 2390 2932 et
2424 2894 2458 2931 a
2494 2877 2567 2932 ud
2601 2878 2838 2932 Macrob.
2879 2879 3036 2932 Com·

681 2951 850 3000 ment.
897 2946 955 2999 in
997 2961 1168 3000 somn.
1205 2946 1348 3016 Scip.
1397 2945 1451 3008 I,
1497 2950 1583 3011 18,
1627 2952 1704 3001 15.
1773 2947 1880 3001 Alii
1929 2947 2055 3001 libri
2114 2948 2332 3013 (Palat.‚
2370 2946 2454 3000 Gu
2499 2984 2532 3006 .,
2583 2945 2689 2999 duo
2730 2946 2938 3004 Rem).
2982 2951 3038 2999 et

680 3013 892 3068 Probus
927 3029 983 3082 p.
1021 3016 1103 3078 37,
1143 3015 1195 3066 2.
1230 3013 1327 3076 K„
1375 3030 1509 3084 quos
1553 3016 1797 3094 sequitur
1833 3014 2117 3106 Ribbeck„
2162 3016 2342 3093 minus
2386 3014 2521 3067 bene
2556 3013 2809 3067 exhibent
2843 3030 3038 3067 averso

681 3081 1837 3205 sutcffuambxuaeffzssrudgaesst
1850 3080 2595 3228 &erearum
2619 3096 3039 3228 titensa

681 3220 975 3271 adversum
1007 3231 1255 3278 manere,
1292 3234 1546 3271 aversum
1581 3233 1698 3272 esse
1731 3234 1836 3271 non
1873 3219 1979 3272 nisi
2013 3216 2310 3286 astrologo:
2351 3216 2574 3285 ideoque
2617 3231 2830 3269 ommno
2864 3231 3037 3270 renci-

682 3284 875 3338 endam
912 3299 1031 3339 esse
1074 3284 1362 3338 lectionem
1399 3302 1595 3339 averso
1639 3293 1820 3349 astra,
1867 3286 1936 3340 ab
1971 3286 2093 3339 aliis
2133 3285 2290 3339 aliter
2305 3326 2317 3342 ,
2368 3284 2535 3338 etiam
2579 3283 3034 3346 artificiosissime,

682 3352 959 3407 defensam
997 3350 1127 3417 (vid.
1160 3351 1346 3406 Heins.
1387 3352 1457 3406 ad
1493 3351 1548 3405 h.
1586 3352 1624 3407 l.
1659 3353 1842 3407 Burm.
1881 3352 1949 3406 ad
1984 3351 2204 3406 Anthol.
2240 3351 2362 3405 Lat.
2401 3352 2462 3404 Τ.
2500 3350 2576 3404 11.
2612 3368 2665 3420 p.
2704 3355 2816 3404 312.
2854 3358 2910 3405 et
2935 3352 3034 3404 Co—

681 3419 961 3488 nington);
977 3434 1158 3540 ὣς».
1201 3421 1246 3473 si
1289 3418 1427 3473 nihil
1462 3418 1610 3473 aliud
1649 3421 1752 3473 sibi
1791 3420 1982 3482 vellet,
2021 3437 2177 3490 quam
2214 3424 2360 3473 astro
2400 3418 2666 3486 fugiente,
2715 3418 3035 3473 abscedente

683 3489 769 3552 (ut
803 3503 854 3540 v.
891 3502 938 3541 c.
1110 3502 1169 3540 so
1213 3487 1629 3557 interpretatur,
1677 3488 1768 3557 qui
1813 3493 2094 3557 praeterea
2132 3505 2323 3540 averso
2367 3494 2519 3540 astro
2564 3485 2630 3539 de
2676 3486 2787 3540 sole
2829 3486 3035 3540 dictum

684 3554 929 3624 accipit),
987 3552 1275 3608 admodum
1322 3553 1610 3625 langueret
1652 3555 1804 3609 iuxta
1851 3555 2055 3609 Partic.
2107 3558 2316 3608 cedens.
2399 3553 2761 3618 (Recentiores
2804 3553 3035 3608 editores

718 3629 896 3677 taeter
920 3621 1081 3676 Ribb.
1114 3624 1172 3675 et
1307 3622 1318 3634 ‘
1431 3663 1444 3676 .
1472 3638 1656 3677 omnes
1682 3623 1958 3676 nobiscum
1977 3626 2212 3677 adverso
2231 3624 2585 3690 receperunt.)
2622 3651 2689 3660 —-
2722 3618 3035 3680 219—224.

757 3690 871 3744 'tici
907 3692 964 3744 et
998 3689 1157 3744 farris
1192 3690 1333 3743 satio
1389 3691 1465 3743 ’at
1501 3690 1717 3745 demum
1754 3694 1879 3758 post
1912 3691 2242 3744 matutinum
2274 3705 2521 3742 occasum
2547 3690 2834 3742 cosmicum
2858 3687 3038 3742 Ple'ia-

682 3757 811 3812 dum
858 3760 915 3811 et
961 3762 1088 3826 post
1129 3761 1306 3811 ortum
1344 3756 1614 3812 heliacum
1649 3758 1913 3818 Coronae,
1961 3757 2017 3812 h.
2053 3774 2098 3812 e.
2136 3774 2208 3811 m.
2245 3756 2482 3811 Octobri.
2553 3755 2829 3810 validiora
2868 3757 3039 3825 igitur

684 3828 739 3880 et
778 3823 999 3880 duriora
1031 3824 1426 3879 frumentorum
1461 3841 1662 3894 genera
1701 3826 1803 3878 sub
1847 3825 2076 3880 hiemem
2120 3829 2248 3878 sunt
2282 3824 2525 3879 serenda.
2596 3824 2675 3878 Cf.
2716 3823 2923 3878 Colum.
2961 3824 3035 3884 11,

684 3896 732 3948 8.
786 3894 1187 3962 Argumentum
1221 3892 1380 3947 huius
1415 3892 1517 3946 loci
1557 3894 1723 3947 refert
1756 3892 1899 3946 Plin.
1937 3893 2005 3946 N.
2035 3893 2105 3946 H.
2141 3892 2342 3952 XVIIl,
2371 3896 2453 3950 24.
2481 3897 2565 3947 56.
2601 3923 2667 3931 -
2704 3891 3037 3946 triticeam

682 3962 748 4014 in
780 3975 1046 4014 messem
1079 3963 1201 4021 etc..
1238 3960 1276 4013 i.
1313 3978 1359 4015 e.
1395 3964 1460 4013 ut
1494 3960 1737 4014 triticum
1774 3967 1832 4014 et
1868 3963 2017 4015 farra
2050 3977 2196 4015 seras
2232 3966 2528 4030 metasque.
2569 3989 2635 3997 —
2673 3960 3038 4026 „Triticum

685 4031 929 4082 veterum
965 4026 1163 4081 diversi
1198 4043 1231 4080 a
1262 4030 1448 4081 nostro
1486 4029 1698 4097 generis
1736 4029 1923 4086 fuisse,
1960 4029 2084 4082 inde
2110 4028 2318 4094 colligit
2342 4028 2630 4083 Martinus,
2669 4027 2810 4096 quod
2847 4043 2897 4081 v.
2920 4031 3037 4080 22⁰.

685 4099 742 4150 et
775 4094 919 4165 apud
955 4095 1111 4149 Varr.
1145 4094 1209 4149 R.
1244 4094 1308 4149 R.
1343 4095 1389 4158 1,
1428 4098 1513 4158 48,
1557 4100 1600 4149 1.
1647 4096 1841 4159 arista,
1890 4097 1924 4150 i.
1962 4112 2008 4150 e.
2046 4111 2175 4150 acus
2209 4096 2388 4149 tenuis
2425 4112 2453 4149 e
2488 4095 2676 4164 gluma
2712 4095 3034 4163 prominens,

686 4163 735 4217 ei
772 4163 1071 4217 tribuatur.
1140 4161 1341 4216 Verum
1377 4164 1493 4217 eius
1519 4166 1648 4217 sunt
1674 4164 1886 4217 omnino
1909 4163 2109 4233 plures.
2147 4179 2282 4233 quas
2306 4170 2519 4220 vocant.
2559 4163 2816 4232 speeie8.“
2855 4162 3036 4231 Hey-n.

686 4262 752 4271 -—
788 4230 931 4285 Far
980 4229 1069 4294 (de
1108 4246 1211 4299 quo
1244 4229 1353 4286 vid.
1390 4234 1503 4285 not.
1541 4230 1612 4285 ad
1646 4247 1698 4284 r.
1738 4235 1842 4290 73.)
1887 4233 2221 4285 robustum
2263 4231 2367 4284 dici
2405 4230 2637 4292 videtur,
2677 4231 2814 4299 quod
2853 4233 3037 4284 vento·

688 4315 838 4363 rum,
887 4297 1191 4368 pluviarum
1233 4313 1295 4351 ac
1342 4297 1412 4351 fri
1455 4298 1562 4353 oris
1603 4298 1826 4353 iniurias
1874 4299 2092 4360 melium
2153 4315 2309 4369 quam
2354 4298 2463 4353 alia
2509 4299 2767 4353 frumenti
2821 4314 3036 4367 genera,

689 4367 826 4420 ferre
859 4368 1070 4435 potest;
1111 4381 1276 4434 quare
1312 4381 1421 4435 apu
1493 4366 1756 4436 Theophr.
1794 4365 1861 4420 de
1897 4368 2074 4421 causis
2109 4365 2182 4436 pl.
2217 4366 2316 4421 IV.
2359 4371 2409 4420 6.
2473 4371 2651 4434 πυρὸς
2685 4365 2718 4430 ἢ
2753 4363 2922 4434 κριθή
2955 4367 3037 4420 in·

688 4438 772 4487 ter
815 4439 884 4488 τὰ
929 4437 1281 4504 ἰσχυρότατα
1326 4434 1663 4496 referuntur,
1715 4438 1771 4488 et
1814 4435 1959 4503 apud
1992 4434 2133 4489 Plin.
2167 4434 2375 4496 XVIII,
2418 4437 2474 4494 8,
2515 4438 2594 4489 19.
2633 4433 2888 4503 legimus:
2947 4434 3041 4486 Ex

689 4502 838 4554 omni
870 4500 1306 4564 (frumentorum)
1354 4518 1548 4570 genere
1580 4502 1937 4556 ἀινίεεὺηαηι
1954 4506 2073 4573 sar
2112 4509 2164 4555 ct
2196 4510 2389 4556 contra
2425 4502 2624 4556 hiemes
2645 4502 3037 4571 firmissimum.

690 4600 757 4609 -—
791 4565 929 4630 220.
965 4585 1270 4623 excercere
1302 4570 1574 4624 humum.
1610 4568 1730 4624 Vid.
1773 4586 1940 4640 supra
1973 4570 2042 4624 ad
2078 4587 2128 4623 v.
2162 4575 2245 4624 99.
2283 4602 2350 4610 —-
2381 4569 2552 4624 solis
2586 4570 2875 4623 instabis
2906 4569 3039 4622 ari-

687 4638 838 4706 atis,
876 4636 1135 4692 frumenti
1172 4635 1358 4701 solius,
1398 4637 1570 4692 tritici
1598 4640 1655 4691 et
1690 4637 1853 4693 farris
1887 4654 2074 4694 curam
2100 4637 2340 4693 habebis.
2411 4639 2582 4692 ‚Solae
2617 4642 2798 4691 autem
2832 4638 3041 4691 aristae

2116 4711 2314 4844 N
2520 4725 2620 4774 15·
