3616 5026
561 236 676 296 144
1255 227 1328 296 Ρ.
1373 224 1743 294 VERGILI
1781 225 2179 294 MARONIS

556 391 865 493 Coniugis
910 403 983 460 ut
1023 395 1295 480 magicis
1340 417 1534 461 sanos
1577 405 1873 461 avertere
1920 395 2124 460 sacris

555 476 882 563 Experiar
927 499 1180 560 sensus3
1221 476 1381 542 nihil
1423 477 1529 542 hic
1570 479 1701 543 nisi
1744 481 2036 544 carmina
2076 476 2326 542 desunt.

711 562 769 625 b.
806 561 1045 625 Ducite
1087 560 1170 626 ab
1214 560 1376 627 urbe
1419 560 1700 643 domum,
1746 584 1892 627 mea
1936 562 2244 644 carmina,
2289 559 2505 625 ducite
2528 558 2879 646 Daphnim.

562 642 871 709 Carmina
909 643 1015 709 vel
1058 643 1234 710 caelo
1278 655 1549 732 possunt
1592 644 1911 710 deducere
1950 643 2221 726 Lunam,

556 881 632 934 11.
673 881 718 930 7.
765 875 880 930 Liv.
916 875 961 940 Ι,
1001 878 1082 938 24,
1120 879 1170 929 6.
1204 875 1368 939 XXX,
1408 880 1491 938 43,
1531 881 1579 930 9.
1636 874 1776 930 ΡΙὶιι.
1813 874 1988 934 XXII,
2031 878 2108 932 12.
2148 879 2196 929 3.
2254 874 2408 931 Ovid.
2444 876 2573 930 Met.
2609 874 2727 936 VII,
2768 876 2884 928 242.

552 944 615 997 In
654 943 868 1014 scriptis
903 943 1225 998 medicorum
1264 959 1334 1009 (v.
1372 961 1418 998 c.
1452 943 1594 997 Cels.
1629 943 1703 1005 11,
1741 946 1825 997 32.
1867 942 2018 1002 VIII,
2052 948 2129 997 10.
2171 941 2312 998 Plin.
2345 943 2511 1006 XXV,
2551 951 2599 1006 9,
2635 948 2739 1000 59.)
2776 942 2885 996 sin-

552 1011 794 1133 fflrem
829 1011 1065 1080 aliquam
1102 1011 1345 1081 plantam
1380 1011 1627 1074 denotat,
1666 1026 1828 1080 quam
1864 1010 2054 1065 Graeci
2091 1018 2517 1080 περιστερεῶνα,
2557 1028 2653 1066 nos
2690 1011 2885 1064 Eison-

656 1087 730 1142 ut,
767 1077 1105 1149 Francogalli
1140 1080 1304 1133 etiam
1349 1096 1488 1134 nunc
1530 1078 1786 1132 vervaine
1828 1084 2037 1133 vocant.
2106 1078 2190 1132 Cf.
2226 1077 2503 1148 Sprengel.
2543 1079 2612 1133 ad
2649 1078 2882 1132 Dioscor.

551 1146 642 1209 fv,
680 1152 762 1202 60.
800 1151 880 1201 61.
928 1146 1080 1201 Voss.
1120 1146 1190 1201 ad
1224 1147 1350 1202 Geo.
1386 1147 1479 1211 fv,
1522 1151 1631 1201 131.
1687 1146 1911 1201 Binerb.
1948 1146 2088 1200 Flor.
2130 1147 2288 1201 class.
2323 1165 2376 1216 p.
2413 1152 2444 1200 6
2480 1163 2560 1216 sq.
2614 1145 2775 1200 Bach.
2815 1147 2884 1199 ad

551 1214 702 1270 Ovid.
739 1214 777 1269 l.
813 1214 850 1269 l.
887 1246 954 1255 —
983 1217 1285 1285 pinques,
1329 1216 1557 1269 fortasse
1594 1221 1855 1268 venenato
1892 1231 2048 1268 succo
2085 1217 2380 1278 tumentes,
2427 1230 2548 1268 cum
2581 1213 2647 1267 de
2682 1230 2736 1268 re
2773 1231 2885 1268 ma-

551 1283 671 1362 gica
718 1285 930 1352 agatur.
1009 1282 1092 1337 Of.
1132 1285 1267 1362 ‘Ae-n.
1304 1283 1406 1346 IV,
1435 1286 1542 1363 ‚513
1577 1299 1603 1336 s
1645 1325 1656 1336 .
1700 1314 1764 1322 —
1813 1283 2168 1361 musculum
2219 1291 2320 1336 tus
2369 1283 2635 1336 vocabant
2677 1285 2883 1361 veteres

551 1354 901 1497 ww?
933 1354 1493 1489 Eissffiifflssmssffg’effi
1523 1366 1598 1473 ’ἲὲ
1626 1350 2349 1497 Ριῃῗρὲἳῗῗέἔῗᾞέῗῖῗὼ
2365 1348 2888 1495 Ἶέἕὰἒιῗοῖἓέῧρὶᾚ

549 1487 828 1548 trabum,
876 1503 942 1540 ne
988 1503 1147 1540 swas
1186 1435 1330 1540 ager
1368 1493 1783 1564 mue-paretur..
1821 1486 2134 1539 Masctdum
2174 1485 2359 1556 alqui
2386 1492 2601 1564 putant·
2630 1504 2666 1538 a
2706 1501 2887 1556 specte

548 1553 758 1608 testium
793 1554 1033 1622 dietum5
1079 1569 1305 1624 quocum
1340 1553 1608 1608 consentit
1640 1552 1877 1607 Servius:
1934 1553 2180 1607 mascula
2217 1561 2361 1618 mra,
2400 1570 2541 1623 quae
2575 1570 2635 1605 m
2667 1554 2885 1606 modam

549 1619 916 1675 testie-domm
960 1627 1124 1682 sunt.)
1192 1621 1443 1676 Ceterum
1487 1619 1653 1676 Codd.
1691 1620 1836 1674 Med.
1884 1623 1941 1674 et
1982 1620 2106 1675 Vat.
2155 1622 2533 1675 auctoritatem
2576 1620 2747 1675 secuti
2801 1626 2886 1684 (ut

551 1704 732 1745 omnes
767 1688 1088 1744 recentiores
1128 1688 1379 1750 editores)
1415 1705 1538 1744 cum
1576 1688 1765 1758 Wagn.
1803 1688 2116 1757 scripsimus
2152 1696 2295 1752 tura,
2333 1705 2439 1742 non
2480 1690 2659 1753 θωνα,
2698 1704 2883 1758 quam-

743 1757 918 1811 forma
949 1756 1204 1827 aspirata,
1247 1757 1282 1810 i.
1310 1772 1355 1811 e.
1392 1772 1604 1827 graeca,
1644 1756 1752 1820 (cui
1787 1755 2087 1826 opitulatur
2116 1755 2243 1811 Cod.
2268 1755 2410 1820 Pal.)
2446 1756 2626 1810 Servio
2650 1761 2789 1810 teste
2813 1754 2883 1809 ad

550 1771 673 1878 aec.
709 1825 762 1887 Ι,
801 1828 882 1878 57.
928 1827 984 1878 et
1018 1824 1149 1879 Aen.
1185 1824 1286 1888 VI,
1324 1830 1373 1879 3.
1419 1827 1505 1880 est
1545 1823 1831 1903 antiquior.
1900 1822 1984 1877 cf.
2030 1823 2221 1904 Wagn.
2268 1823 2422 1879 Orth.
2464 1823 2626 1893 Verg.
2674 1841 2727 1892 p.
2761 1826 2881 1877 476.

425 1903 436 1914 ·
552 1891 628 1955 (in
670 1908 730 1946 eo
771 1895 986 1945 tantum
1031 1908 1239 1954 errans,
1321 1892 1425 1947 uod
1468 1893 1633 1947 Feam
1674 1895 1817 1946 mter
1857 1891 2017 1945 huius
2061 1895 2357 1962 scripturae
2400 1894 2653 1962 patronos
2698 1891 2881 1952 refert,

587 1960 642 2013 ui
672 1959 871 2029 potius,
908 1963 973 2013 ut
1006 1959 1169 2014 Orell.
1206 1964 1262 2014 et
1347 1961 1517 2024 bbar„
1553 1959 1611 2014 in
1644 1959 1857 2013 Horatii
1888 1959 2212 2014 carminibus
2245 1964 2432 2015 tuetur
2464 1959 2881 2029 aspirationem).

549 1975 865 2082 {conratius
901 2026 966 2081 de
1001 2026 1100 2081 hac
1138 2044 1194 2083 re
1228 2028 1343 2098 egit
1366 2027 1565 2083 Obbar.
1604 2027 1674 2082 ad
1709 2027 1838 2081 Hor.
1863 2026 2035 2097 Epist.
2071 2028 2115 2088 1,
2147 2032 2225 2092 14,
2251 2031 2334 2082 23.
2370 2028 2522 2081 Fasc.
2558 2026 2651 2081 vl.
2685 2044 2738 2096 p.
2769 2030 2882 2080 191.

550 2127 613 2135 —-
648 2097 842 2150 adole
876 2112 972 2164 pro
1005 2095 1242 2150 incende.
1310 2095 1530 2150 Rectius
1571 2111 1731 2165 quam
1770 2095 2009 2163 Heynius
2047 2094 2113 2149 de
2146 2095 2246 2149 boc
2280 2111 2391 2149 voc.
2427 2095 2540 2165 egit
2572 2093 2881 2163 Voigtlaen-

549 2163 659 2243 der.
692 2163 750 2217 in
782 2161 1009 2217 Forcell.
1042 2162 1167 2218 Lex.
1203 2181 1262 2244 p..
1291 2168 1392 2227 70..
1432 2179 1590 2233 quem
1620 2162 1756 2217 vide.
1798 2162 2043 2254 ‘Scilicet
2082 2164 2226 2217 olere
2261 2162 2468 2242 (Graec.
2502 2160 2695 2227 ὄζειν),
2741 2161 2882 2241 quod

549 2246 794 2352 {wei
814 2230 1150 2353 mm
1183 2247 1386 2353 ⁸¹³3&ss
1420 2229 1751 2378 ἑξὲηῗιῖῗξ.
1770 2229 2013 2377 ῗιῗὲξὲζ
2051 2235 2297 2378 ἷὶ-εὲίὲξε
2310 2229 2882 2378 ,ωὲῗᾳὲἒιξὲἷέῗοὲῖῐ

548 2366 695 2420 alere
729 2371 785 2420 et
818 2367 1069 2421 alescere.
1190 2382 1257 2420 uc
1288 2371 1471 2421 autem
1509 2369 1782 2435 pertinent
1815 2365 1942 2424 loci.
1984 2365 2076 2420 ubi
2111 2366 2311 2435 legitur
2344 2384 2501 2432 aras,
2540 2365 2751 2419 attan-na
2783 2366 2883 2418 do·

548 2435 634 2486 m's
667 2435 915 2496 adolere.
964 2435 998 2488 i.
1036 2451 1080 2489 e.
1125 2435 1398 2488 cumulare
1442 2440 1526 2496 (ut
1568 2435 1700 2488 Aen.
1737 2433 1869 2496 VII,
1908 2437 1988 2487 71.
2047 2434 2201 2487 Lucr.
2237 2434 2340 2497 IV,
2382 2437 2525 2487 1230.
2583 2432 2706 2488 Tac.
2740 2433 2881 2486 Ann.

548 2500 690 2565 XIV,
717 2505 799 2556 30.
835 2505 958 2565 etc..
994 2503 1061 2557 cf.
1096 2501 1302 2557 adnott.
1337 2501 1407 2557 ad
1445 2502 1570 2558 Geo.
1606 2502 1701 2563 IV,
1728 2504 1887 2557 379).
1924 2500 2012 2556 vel
2045 2501 2190 2571 ipsos
2224 2503 2354 2557 deos
2385 2501 2608 2556 adolere
2641 2506 2726 2563 (ut
2749 2502 2880 2556 Aen.

547 2569 592 2629 Ι,
622 2573 736 2624 704.
776 2573 830 2625 et
863 2571 1004 2625 Stat.
1039 2570 1201 2625 Theb.
1238 2571 1281 2633 Ι,
1308 2574 1425 2624 514.
1454 2571 1697 2639 flammis
1729 2571 1956 2625 adolere
1988 2570 2255 2637 Penates),
2294 2571 2331 2623 i.
2357 2586 2402 2624 e.
2437 2585 2650 2639 augere,
2691 2569 2880 2633 colere,

548 2636 805 2692 honorare
841 2638 985 2705 (coll.
1025 2638 1196 2692 Nonio
1229 2639 1273 2699 1,
1300 2641 1418 2692 288.
1456 2641 1512 2693 et
1547 2637 1640 2701 IV,
1666 2642 1750 2692 44.
1830 2641 1984 2692 .516.
2020 2642 2074 2692 et
2111 2641 2226 2691 624.
2264 2637 2549 2693 Gothofr.).
2617 2637 2731 2691 Iam
2761 2653 2880 2691 cum

546 2705 632 2758 Dii
684 2705 913 2760 maxime
957 2706 1228 2760 sacrificiis
1275 2706 1447 2785 iisque
1486 2705 1723 2784 ,incensis
1779 2655 2108 2760 Ilionei-entur
2163 2705 2534 2785 colanturque,
2593 2704 2878 2784 paullatim

548 2774 792 2853 usurpari
832 2778 1077 2843 coeptum
1116 2780 1200 2828 est
1243 2776 1420 2828 activa
1455 2773 1635 2841 signif.
1716 2790 1774 2827 ro
1822 2790 2086 2835 cranam-e,
2127 2774 2414 2828 incendere
2454 2776 2530 2839 (m
2566 2773 2877 2836 sacrificus),

545 2840 805 2963 {ttfflni
830 2841 1111 2963 ἓοὲοῗῗέι
1140 2841 1417 2963 &nn-3³51·
1451 2842 1602 2973 {22¹5
1657 2880 1722 2962 ..e
1752 2845 1878 2962 1³:⁴⁷1·
1914 2840 2588 2963 &4332stss
2644 2840 2882 2962 {³3³2

546 2977 803 3031 verbenas
837 2993 901 3031 su
940 2992 997 3032 er
1031 2993 1197 3037 aram,
1234 2979 1299 3031 ut
1331 2977 1387 3030 in
1422 2993 1486 3030 ea
1523 2980 1852 3035 crementur,
1891 2975 1943 3030 h.
1981 2994 2028 3031 e.
2061 2976 2164 3030 sim
2203 2976 2378 3031 liciter
2418 2977 2571 3030 incen
2611 2992 2666 3033 e.
2704 2991 2881 3031 crema

545 3045 821 3100 verbenas.
934 3045 973 3098 f.
1009 3045 1171 3099 etiam
1210 3044 1414 3098 Wakef.
1453 3042 1522 3098 ad
1560 3043 1717 3098 Lucr.
1755 3044 1828 3105 11,
1875 3047 2019 3098 1129.
2055 3049 2111 3099 et
2197 3085 2211 3106 ‚
2239 3047 2352 3098 798.
2422 3044 2671 3098 Ceterum
2708 3043 2879 3113 Heyu.

546 3128 667 3167 cum
708 3112 758 3166 h.
793 3111 833 3165 l.
872 3115 1148 3182 comparat
1184 3112 1303 3166 Val.
1339 3112 1421 3166 Fl.
1458 3113 1502 3174 1,
1541 3115 1655 3165 204.
1686 3113 1894 3182 pinqui
1928 3113 2167 3166 cumulat
2199 3111 2457 3165 libamine
2479 3112 2777 3180 flammam.
2822 3143 2879 3151 —

544 3180 635 3240 66.
679 3181 1005 3249 coniugis,
1052 3181 1087 3234 i.
1129 3195 1176 3235 e.
1212 3180 1485 3234 amatoris.
1556 3179 1673 3234 Vid.
1720 3196 1885 3248 supra
1918 3179 1985 3233 ad
2022 3197 2070 3233 v.
2112 3183 2187 3234 18.
2225 3210 2292 3219 -
2341 3197 2540 3234 sanos
2588 3187 2882 3233 avertere

545 3247 980 3370 {121552’2'2‘5313‘
999 3248 2313 3370 §effitffimss-W‘i'r'fistetm⁰⁰¹¹''332effi11332
2345 3248 2858 3369 ffiffimmm'
2640 3247 2879 3369 avertere?

1256 3357 1268 3369 .
1342 3358 1353 3370 .
1435 3335 1449 3368 ι
1494 3334 1531 3369 .:
1595 3355 1627 3377 ‚‚
1941 3333 1975 3370 a

546 3383 615 3437 ab
637 3399 815 3437 amore
847 3382 1073 3437 alterius
1106 3333 1337 3452 pueuaep
1351 3387 1407 3437 et
1440 3382 1509 3436 ad
1546 3398 1603 3437 se
1636 3332 2004 3452 pellicerggut
2038 3332 2133 3436 sui)
2157 3399 2335 3437 amore
2369 3382 2590 3437 insanus
2623 3384 2735 3441 fiat.
2809 3399 2878 3435 uo

545 3467 684 3505 nunc
719 3455 837 3505 erat
868 3466 1086 3512 vacuus,
1125 3467 1287 3520 quare
1318 3468 1486 3504 sanos
1519 3468 1704 3503 serame
1736 3454 1949 3523 vocatJ‘
2020 3451 2269 3505 Ceterum
2305 3450 2372 3504 cf.
2407 3451 2564 3504 Hom.
2600 3449 2696 3504 Od.
2733 3399 2877 3511 Χῖν,

551 3522 660 3572 178.
716 3518 991 3585 βλάπτειν
1033 3525 1245 3588 φρένας
1288 3518 1446 3578 ἐΐσας
1494 3520 1550 3572 et
1593 3517 1814 3573 Theocr.
1858 3518 1941 3582 Π,
1984 3522 2033 3571 3.
2090 3518 2187 3581 Ὡς
2236 3518 2331 3572 τὸν
2365 3519 2490 3587 ἐμοὶ
2533 3522 2879 3585 βαρυνεῦντα

547 3591 713 3655 φίλον
737 3585 1131 3656 καταθύσομαι
1167 3583 1364 3657 ἄνδρα.
1407 3618 1472 3625 -
1508 3583 1598 3645 67.
1640 3586 1940 3641 carmina
1976 3587 2042 3641 de
2078 3585 2301 3653 magicis
2337 3584 2582 3639 formulis
2616 3603 2659 3639 s.
2697 3587 2879 3639 incan-

544 3654 798 3708 tamentis
838 3653 1264 3721 intelligendum.
1331 3653 1454 3708 vid.
1491 3653 1701 3708 adnott.
1738 3654 1811 3708 ad
1845 3655 1977 3708 Aen.
2016 3654 2108 3719 IV,
2146 3658 2264 3708 487.
2301 3686 2368 3695 --
2404 3653 2496 3714 68.
2539 3652 2621 3707 Cf.
2659 3652 2876 3708 Theocr.

544 3721 616 3783 ΙΙ,
644 3725 721 3775 17.
762 3719 942 3790 ”Icari-¹.
987 3723 1103 3775 ἕλκε
1140 3724 1205 3775 τίι
1248 3725 1415 3785 τῆνον
1449 3723 1476 3774 ἔ
1521 3722 1591 3775 ὸν
1626 3725 1759 3776 ποτὶ
1792 3722 1964 3795 δῶμα
2002 3723 2101 3776 τὸν
2135 3719 2335 3791 ἄνδρα.
2376 3754 2441 3762 -
2499 3719 2574 3780 69
2607 3738 2634 3773 s
2673 3738 2723 3790 q.
2794 3721 2878 3776 Cf.

545 3789 672 3868 Aen.
708 3788 810 3851 IV,
848 3792 946 3843 487
982 3805 1098 3868 sqq.
1144 3792 1199 3842 et
1232 3788 1428 3843 Tibull.
1464 3742 1623 3869 1¹18,-
1654 3792 1714 3843 19
1750 3807 1868 3869 sqq.
1907 3822 1984 3869 ’‘.
2010 3789 2195 3844 caelo
2250 3791 2574 3869 deducere
2602 3739 2878 3868 ‘lunam

544 3872 599 3909 ιιι
636 3872 905 3910 sacrorum
939 3872 1267 3922 magicorum
1303 3856 1752 3919 enarratiombus‚
1803 3873 1860 3911 m
1899 3858 2090 3928 quibus
2127 3874 2339 3912 ommno
2372 3859 2502 3912 luna
2533 3873 2734 3926 primas
2768 3857 2878 3910 fere

545 3924 660 3992 agit
694 3927 900 3993 partes,
945 3923 1089 3977 haud
1146 3940 1263 3978 raro
1306 3924 1524 3994 legitur.
1594 3924 1940 3980 Putabautur
1982 3927 2122 3980 enim
2166 3941 2218 3979 m
2393 3925 2578 3979 lunam
2612 3929 2667 3978 et
2703 3924 2880 3978 sidera

546 4007 642 4045 suo
679 3990 946 4045 arbitratu
981 4007 1218 4049 movere;
1263 4008 1399 4062 quae
1444 3993 1619 4063 opinio
1656 3992 1726 4047 ad
1761 3993 2113 4073 φαινόμενον
2155 3992 2254 4047 illu
2326 3992 2656 4048 traiectionis
2692 3991 2877 4046 stella·

546 4075 663 4113 rum
697 4058 913 4113 videtur
945 4059 1237 4114 referenda.
1312 4060 1460 4115 Voss.
1496 4060 1654 4114 affert
1686 4061 1961 4130 Aristoph.
1999 4060 2142 4115 Nub.
2182 4065 2295 4115 749.
2352 4061 2492 4115 Plin.
2527 4059 2701 4121 XXX,
2739 4064 2786 4114 2.
2822 4063 2878 4113 et

545 4126 779 4181 Martial.
818 4125 913 4189 IX,
951 4129 1032 4187 30,
1070 4134 1116 4181 9.
1155 4128 1304 4188 Quae
1337 4146 1481 4182 nunc
1516 4127 1834 4182 Thessalico
1872 4130 2090 4183 Lunam
2122 4130 2390 4182 deducere
2423 4129 2875 4182 rhombo-wem.

545 4193 696 4248 Adde
730 4193 871 4249 Plat.
910 4193 1072 4262 Gorg.
1120 4211 1171 4263 p.
1209 4199 1325 4249 513.
1390 4197 1497 4256 τὰς
1538 4197 1638 4257 τὴν
1676 4195 1913 4263 σελήνην
1950 4194 2336 4268 καθαιρούσας
2373 4198 2474 4256 τὰς
2515 4198 2873 4256 oenandae.

546 4261 742 4316 Tibull.
779 4262 823 4325 1,
863 4265 911 4323 8,
952 4264 1034 4315 21.
1071 4261 1114 4324 I,
1153 4266 1202 4326 2,
1238 4267 1321 4316 43.
1379 4262 1533 4318 ovid.
1571 4263 1688 4317 Am.
1727 4264 1807 4325 ΙΙ.
1851 4267 1896 4323 1,
1935 4268 2018 4318 23.
2060 4263 2133 4318 id.
2169 4263 2302 4318 Met.
2337 4263 2460 4324 ΧΠ,
2488 4266 2604 4317 253.
2640 4263 2712 4317 id.
2747 4263 2873 4318 ibid.

546 4328 667 4391 vn,
693 4333 827 4391 207..
864 4328 1023 4398 Prop.
1061 4329 1103 4386 1.
1135 4334 1181 4392 1,
1213 4334 1289 4383 19.
1327 4329 1542 4384 Petron.
1582 4345 1665 4400 ap.
1701 4330 1946 4385 Wernsd.
1983 4330 2133 4385 Poet.
2172 4332 2230 4385 1..
2270 4334 2399 4385 min.
2438 4330 2531 4396 IV,
2569 4334 2684 4394 292,
2713 4336 2781 4395 8.,
2822 4332 2878 4384 in

547 4397 738 4464 quibus
772 4397 903 4451 locis
937 4398 1183 4451 omnibus
1220 4397 1449 4465 legimus
1482 4399 1698 4451 lamam
1721 4400 1877 4452 caelo
1895 4402 2175 4459 decha-ere,
2215 4403 2278 4453 ut
2312 4417 2396 4468 ap.
2435 4399 2563 4453 Hor.
2605 4398 2768 4469 Epod.
2812 4399 2874 4461 V,

551 4468 627 4517 15.
655 4468 711 4518 et
734 4464 831 4518 XV
834 4464 905 4523 11.
930 4468 1009 4518 77.
1043 4466 1259 4519 Lunam
1274 4465 1434 4521 caelo,
1449 4467 1717 4536 deripere.
1758 4466 1877 4521 vid.
1904 4468 2065 4521 etiam
2086 4467 2329 4521 Lambin.
2359 4471 2414 4521 et
2431 4465 2627 4521 Obbar.
2653 4467 2721 4521 ad
2746 4466 2873 4520 Hor.

546 4529 583 4583 l.
613 4530 649 4583 l.
689 4531 875 4587 Heius.
911 4531 981 4586 ad
1016 4532 1168 4587 Ovid.
1207 4533 1331 4588 Her.
1368 4533 1461 4595 vl,
1490 4537 1573 4587 88.
1609 4533 1755 4587 Cort.
1795 4535 1866 4588 ad
1890 4534 2088 4588 Lucan.
2130 4533 2222 4593 Vl.
2249 4538 2363 4589 506.
2403 4533 2588 4589 Burm.
2619 4533 2687 4589 ad
2711 4533 2873 4588 Anth.

548 4596 670 4650 Lat.
710 4598 775 4661 V,
802 4603 886 4657 46,
918 4603 993 4653 18.
1033 4617 1085 4668 p.
1115 4604 1212 4654 328
1231 4618 1312 4670 sq.
1348 4600 1558 4655 Dissen.
1587 4600 1654 4653 ad
1681 4600 1880 4656 Tibull.
1916 4602 1963 4665 Ι,
1992 4605 2039 4659 2.
2067 4606 2151 4656 45.
2187 4604 2240 4655 et
2261 4602 2441 4670 Unger
2465 4602 2530 4657 de
2554 4602 2712 4670 Valg.
2738 4602 2876 4656 Rufo
