3616 5026
606 173 722 235 362
1324 172 1398 237 Ρ.
1441 170 1812 237 VERGILI
1856 171 2255 240 MARONIS

598 334 974 426 Inlusasque
1017 362 1175 406 auro
1217 340 1416 405 vestis
1458 337 1924 426 Ephyreiaque
1972 361 2145 424 aera,

595 417 769 485 Alba
807 443 1013 509 neque
1053 425 1182 488 Ass
1231 424 1328 488 rio
1369 424 1625 488 fucatur
1664 422 1817 488 lana
1853 445 2101 487 veneno
2823 435 2922 487 465

597 501 733 567 Ν66
775 505 953 569 casia
996 505 1154 594 liqui
1206 509 1218 522 '
1266 509 1701 595 corrumpitur
1740 528 1896 571 usus
1942 505 2128 572 olivi:

595 584 685 650 At
727 609 957 653 secura
999 590 1180 677 quies
1221 600 1286 656 et
1330 590 1551 655 nescia
1588 588 1811 655 fallere
1852 590 2010 680 yita,

596 845 724 897 Hor.
760 842 856 897 Od.
892 841 992 904 m,
1038 847 1083 906 1,
1122 847 1202 896 45.
1269 842 1381 896 Om-
1418 844 1732 898 invidendis
1762 845 2012 913 poetilnoe
2046 873 2069 885 ·
2095 873 2118 885 ·
2153 844 2357 897 moliar
2389 846 2626 898 atrium?
2671 878 2733 886 —
2789 845 2918 906 464.

595 912 868 964 [ulmae
902 929 1065 963 auro
1098 913 1325 977 vestis,
1362 912 1634 980 stragulae
1666 918 1859 974 vestes,
1898 913 1951 966 in
1991 912 2186 980 quibus
2202 911 2395 965 artifex
2428 928 2529 966 acu
2553 913 2705 981 quasi
2729 913 2921 968 ludens

596 978 794 1047 aliquid
831 993 959 1031 auro
995 979 1191 1048 pinxit.
1239 980 1493 1037 intexuit.
1546 979 1766 1050 ideoque
1814 980 2131 1049 simpliciter
2171 981 2346 1034 vestes
2381 995 2510 1034 auro
2547 981 2744 1049 pictas:
2797 998 2918 1035 nam

592 1047 795 1101 lvulerce.
832 1046 996 1099 luem.
1033 1047 1330 1100 ludim-ium
1359 1052 1487 1100 sunt
1521 1048 1733 1102 artificii
1756 1051 2005 1102 naturam
2031 1048 2296 1101 imitantis
2324 1047 2599 1102 vocabula.
2635 1049 2717 1102 Cf.
2739 1050 2920 1103 Avien.

594 1117 762 1170 deser.
799 1114 910 1169 orb.
951 1118 1096 1169 1258.
1135 1114 1370 1180 (ΡΜ-6116)
1414 1116 1665 1170 Illudunt
1704 1135 1847 1170 auro
1882 1125 2077 1183 vectes,
2115 1114 2370 1169 Prudent.
2410 1119 2539 1187 περὶ
2575 1134 2736 1187 στεφ.
2775 1117 2917 1180 XIV,

596 1189 707 1238 104.
746 1183 1055 1251 Splendor-e
1087 1183 1259 1235 mtclto
1295 1192 1471 1236 strata
1504 1184 1839 1250 habitacula,
1882 1184 2061 1238 Illma
2093 1185 2279 1254 pictae
2313 1183 2477 1237 vestis
2513 1185 2719 1237 inania.
2750 1188 2804 1238 et
2818 1185 2922 1237 Ne-

592 1269 720 1304 mes.
759 1254 888 1318 (tyn.
927 1254 1009 1304 91.
1045 1252 1116 1304 sit
1154 1250 1394 1317 chlamys
1428 1260 1630 1305 aurato
1663 1253 1889 1306 maedtum
1918 1251 2207 1304 subtemine
2238 1251 2377 1305 lma.
2432 1251 2535 1315 Qui
2570 1251 2778 1331 quidem
2803 1252 2920 1308 loci.

595 1337 724 1389 quos
761 1336 819 1373 ex
857 1321 1039 1371 nostro
1078 1318 1289 1373 fluxisse
1326 1320 1380 1372 in
1413 1324 1665 1389 promptu
1704 1323 1802 1374 est.
1842 1336 1949 1373 una
1987 1336 2107 1372 cum
2132 1324 2374 1387 receptae
2391 1318 2634 1372 lectionis
2656 1320 2924 1384 elegantia

592 1404 687 1440 nos
723 1387 1077 1448 retinuerunt,
1117 1388 1397 1455 quominus
1433 1403 1553 1440 cum
1592 1388 1879 1440 Ribbeckio
1916 1392 1972 1441 et
1995 1386 2203 1441 Ladew.
2238 1386 2343 1440 reci
2382 1403 2589 1441 eremus
2606 1387 2772 1440 Codd.
2805 1387 2920 1441 Pal.

592 1461 647 1508 et
690 1455 838 1508 Rom.
894 1455 1177 1508 lectionem
1221 1454 1495 1518 Inclusas,
1568 1456 1652 1508 cui
1712 1456 1879 1508 etiam
1931 1455 2072 1508 Med.
2121 1454 2201 1507 IN
2225 1473 2258 1508 :2
2284 1453 2327 1506 L
2378 1454 2498 1507 SAS
2550 1454 2822 1512 exhibens,
2868 1460 2922 1507 et

589 1523 762 1576 Schnl.
808 1523 968 1576 Bern.
1015 1524 1069 1574 in
1115 1522 1269 1575 Ribb.
1316 1521 1527 1590 Proleg.
1579 1539 1649 1594 p.
1681 1527 1796 1577 196.
1844 1522 2248 1592 patrocinantur
2286 1526 2343 1575 et
2424 1538 2546 1576 uam
2592 1522 2800 1576 Ladew.
2847 1523 2924 1576 ita

591 1591 774 1645 studet
809 1588 1109 1644 defendere.
1146 1593 1210 1643 ut
1242 1590 1380 1654 (coll.
1417 1590 1573 1643 Lucr.
1596 1590 1689 1656 IV,
1714 1593 1842 1644 1126
1878 1607 1958 1659 sq.
1992 1593 2230 1656 ‚qv-arulas
2265 1589 2336 1642 vi·
2369 1590 2380 1600 '
2421 1591 2444 1641 i
2474 1607 2593 1643 mun
2626 1591 2744 1643 luce
2780 1608 2922 1643 zma-

587 1659 758 1726 raydi
787 1659 945 1711 Auro
984 1657 1357 1722 includuntur)
1397 1658 1707 1720 arbitretur,
1748 1661 1963 1726 poetam
1991 1657 2323 1727 simplicitati
2349 1658 2616 1711 faventem
2643 1673 2763 1711 cum
2787 1657 2922 1711 indi·

591 1727 842 1791 sanatione
877 1725 1110 1795 quadam
1145 1726 1211 1779 de
1247 1726 1330 1778 his
1363 1726 1604 1779 vestibus
1643 1726 1904 1792 stragulis
1940 1725 2087 1794 loqui
2128 1728 2242 1778 tam
2280 1741 2405 1778 nam
2447 1740 2575 1778 auro
2612 1726 2923 1779 circumses-

590 1794 662 1847 sis
702 1793 824 1858 1,,ίη
856 1795 1464 1861 Bazaymnqszmtaud
1498 1797 1806 1860 versetzffl),
1865 1809 1998 1862 quae
2048 1791 2253 1872 explica
2283 1792 2329 1844 ‘o
2375 1792 2555 1861 paullo
2592 1794 2926 1846 artificiosior

590 1862 817 1914 ridetur.
888 1860 1116 1925 Vulgari
1155 1865 1337 1915 autem
1373 1877 1530 1915 sensu
1567 1867 1787 1931 accepta
1824 1860 1954 1915 haec
1992 1861 2151 1914 lectlo
2178 1860 2371 1913 mirum
2430 1862 2654 1914 uantum
2681 1862 2918 1928 languet.

592 1933 648 1982 et
691 1945 822 1998 quos
868 1930 1124 1983 Ribbeck.
1171 1930 1223 1981 in
1272 1929 1486 1992 Proleg.
1541 1933 1656 1982 285.
1707 1933 1984 1997 comparat
2037 1928 2180 1982 locos
2222 1929 2352 1982 Aen.
2491 1968 2503 1992 ,
2544 1923 2662 1981 488.
2711 1933 2767 1982 et
2798 1927 2921 1988 XII,

590 2001 733 2051 430..
774 1998 865 2050 ubi
905 1997 1107 2062 legitur
1139 2015 1301 2049 mara-*e
1333 1997 1635 2050 incluserat
1666 2015 1832 2063 aure,
1886 1996 2025 2050 alius
2063 1997 2272 2063 generis
2309 2012 2449 2055 esse,
2536 1996 2721 2065 uisque
2759 1996 2923 2049 videt.

592 2065 889 2132 Conington
938 2080 1162 2134 quoque,
1207 2073 1271 2118 ut
1310 2065 1527 2134 Haupt..
1576 2064 1860 2118 lectionem
1896 2063 2107 2116 inlusa-s
2142 2063 2364 2117 retinuit
2399 2066 2456 2115 et
2493 2012 2745 2117 gefendit.
2820 2065 2921 2116 «tf.

593 2132 753 2185 etiam
790 2132 982 2197 Wagn.
1023 2134 1075 2185 in
1109 2131 1305 2186 Philol.
1342 2133 1526 2211 Suppl.
1562 2132 1605 2186 1.
1643 2149 1698 2201 p.
1736 2136 1876 2186 314.)
1916 2164 1982 2171 -—
2030 2131 2090 2182 E
2143 2133 2373 2199 Ῐιῃνεϊα
2417 2148 2600 2198 aera,
2656 2148 2785 2185 vasa
2822 2133 2922 2184 (30-

592 2200 807 2258 rinthia.
853 2219 894 2253 S.
933 2217 993 2253 ex
1028 2216 1149 2254 aere
1187 2200 1461 2254 corint-hm
1496 2201 1672 2260 facta.
1722 2216 1859 2278 quae
1897 2198 2040 2267 apud
2075 2150 2337 2252 lz'omanos
2377 2198 2509 2252 adeo
2545 2199 2599 2251 in
2653 2200 2803 2252 ›retio
2841 2200 2926 2251 su·

592 2267 695 2320 isse
731 2271 960 2328 constat,
998 2274 1061 2320 ut
1097 2268 1182 2321 vel
1217 2268 1488 2334 argenteis
1523 2273 1579 2321 et
1612 2284 1788 2321 aureis
1827 2269 2241 2337 praeferrentur.
2312 2265 2393 2317 Cf.
2431 2264 2572 2319 Plin.
2700 2266 2841 2320 XIV.
2873 2271 2922 2318 2.

592 2340 639 2387 3.
677 2336 782 2388 (fic.
820 2336 976 2389 Tusc.
1016 2336 1086 2390 II.
1130 2340 1205 2388 14.
1247 2337 1318 2388 in.
1358 2335 1506 2389 Verr.
1543 2335 1614 2394 ΙΙ,
1660 2338 1740 2390 34.
1780 2338 1860 2388 83.
1905 2338 1985 2388 72.
2029 2337 2137 2388 176.
2174 2334 2266 2392 IV.
2306 2338 2390 2386 4-1.
2426 2338 2509 2385 97.
2551 2334 2690 2387 Flor.
2731 2334 2800 2387 11.
2847 2338 2924 2387 16.

591 2403 786 2456 Mureti
823 2404 977 2457 Varr.
1015 2403 1186 2456 Lectt.
1226 2404 1336 2466 ΠΙ,
1381 2408 1428 2456 5.
1473 2402 1725 2456 Falbroni
1772 2403 1823 2454 in
1869 2403 1993 2454 Atti
2037 2401 2166 2454 dale
2217 2402 2393 2454 Acacl.
2438 2400 2566 2454 Ital.
2619 2403 2683 2454 de?
2719 2402 2928 2461 scienzc

593 2475 690 2525 etc.
732 2472 775 2524 Ι.
813 2488 865 2539 p.
902 2474 999 2525 203
1036 2488 1150 2539 sqq.
1188 2471 1612 2524 Winckelmanni
1648 2472 1824 2540 Opera
1859 2470 1942 2523 ed.
1991 2485 2023 2523 a
2059 2469 2271 2537 Meyero
2308 2473 2363 2522 et
2397 2468 2640 2523 Schulzio
2675 2468 2733 2523 T.
2770 2470 2830 2523 V.
2891 2491 2923 2523 ι.

595 2543 700 2592 135.
741 2543 841 2592 430
876 2557 992 2608 sqq.
1032 2539 1323 2606 Boettigeri
1363 2538 1561 2592 Sabina
1595 2539 1640 2593 1.
1678 2556 1730 2607 p.
1763 2542 1846 2592 44.
1885 2538 2106 2592 Beckeri
2141 2536 2331 2591 Gallus
2357 2537 2400 2590 Ι.
2425 2555 2476 2606 p.
2515 2541 2596 2591 35.
2625 2540 2677 2590 et
2705 2537 2799 2590 Fio
2833 2537 2843 2549 ’
2895 2558 2925 2584 n

591 2606 670 2659 in:
721 2607 1033 2659 Kumtblan
1065 2611 1188 2660 1832
1208 2604 1316 2659 Nr.
1338 2611 1418 2659 97.
1472 2607 1707 2675 Ephyra
1738 2610 1922 2659 autem
1960 2606 2072 2659 anti
2115 2621 2241 2659 uum
2266 2606 2444 2657 fuerat
2463 2605 2702 2657 Corinthi
2733 2621 2920 2658 nomen

589 2675 681 2727 (cf.
708 2674 958 2728 Eustath.
998 2675 1067 2727 ad
1108 2674 1260 2727 Hom.
1298 2674 1364 2727 ll.
1392 2673 1469 2733 Π,
1498 2678 1613 2727 570.
1642 2673 1735 2727 VI.
1768 2677 1881 2726 152.
1908 2672 2049 2726 Plin.
2168 2713 2180 2733 ‚
2212 2677 2261 2734 4,
2299 2677 2344 2725 5.
2364 2675 2420 2725 et
2441 2672 2588 2725 lebb.
2615 2672 2682 2726 ad
2698 2672 2921 2726 Aristid.

586 2742 658 2795 II.
696 2759 745 2811 p.
784 2746 955 2803 538.);
1012 2742 1152 2795 unde
1195 2743 1507 2863 Ἧῃνοὲω
1552 2759 1646 2810 pro
1687 2741 1996 2794 Corinthius
2052 2741 2217 2794 etiam
2263 2739 2404 2793 amd
2461 2739 2658 2793 Lucan.
2709 2740 2800 2798 VI.
2846 2744 2923 2792 17.

588 2809 681 2863 Sil.
716 2809 858 2867 XIV,
907 2813 1018 2863 180.
1054 2810 1191 2863 Stat.
1313 2811 1392 2863 ch.
1432 2808 1527 2868 VI.
1565 2812 1680 2862 253.
1726 2808 1916 2862 Claud.
1959 2807 2011 2861 in
2048 2808 2272 2874 Eutrop.
2348 2846 2361 2865 ,
2404 2814 2454 2859 9.
2507 2811 2562 2861 et
2614 2807 2743 2861 alibi
2789 2807 2922 2875 legi-

589 2880 690 2932 tur.
728 2908 792 2917 -
827 2876 959 2937 465.
996 2875 1124 2936 466.
1160 2876 1212 2929 Si
1288 2894 1403 2930 orro
1439 2893 1536 2930 nec
1607 2892 1838 2945 urpurae
1877 2892 1974 2929 nec
2009 2878 2403 2943 unguentorum
2426 2890 2585 2928 usum
2616 2874 2834 2929 habent.
2859 2908 2874 2913 -
2893 2907 2922 2913 —

572 2949 860 3013 siccatur
906 2963 1164 2997 veneno.
1238 2895 1312 2999 {ft
1355 2947 1519 3007 fucus
1601 2961 1629 2998 6
1678 2943 1936 3013 adoptato
1988 2944 2162 2997 colore
2207 2958 2517 3013 quocunque
2563 2942 2782 3005 dicitur.
2834 2946 2923 2997 (cs.

588 3012 741 3067 Lucr.
779 3013 850 3071 Π.
889 3016 1005 3066 744.
1042 3012 1169 3065 Hor.
1209 3013 1305 3092 Ep.
1341 3012 1384 3075 Ι,
1426 3015 1506 3069 10.
1545 3014 1624 3065 27.
1663 3010 1800 3065 Plin.
1839 3010 2034 3066 XXXI.
2079 3015 2127 3065 7.
2164 3014 2244 3064 42.
2285 3012 2409 3065 etc.)
2448 3010 2527 3062 ita
2571 3027 2824 3064 venerumt
2859 3010 2925 3063 de

624 3082 772 3134 novis
809 3095 991 3145 succo,
1046 3078 1309 3159 imprimis
1352 3082 1613 3133 amariore
1656 3082 1754 3133 aut
1798 3079 2019 3133 acriore.
2090 3077 2171 3131 Cf.
2211 3078 2389 3131 Caius.
2426 3077 2546 3146 Dig.
2583 3078 2641 3132 1..
2685 3082 2769 3132 16.
2807 3081 2925 3131 236.

588 3097 697 3209 aui
731 3165 990 3201 venenum
1025 3148 1188 3213 dic-tt,
1232 3148 1478 3200 adlicere
1511 3149 1692 3213 deba,
1727 3149 1933 3199 malum
1967 3164 2040 3199 an
2075 3148 2268 3199 bonum
2299 3145 2395 3197 sit:
2446 3164 2575 3198 nam
2609 3155 2662 3199 ct
2694 3147 2924 3199 naedica·

586 3224 763 3268 nwnta.
800 3232 1005 3269 venena
1035 3223 1175 3277 3111ιί,
1217 3216 1353 3283 quala
1390 3232 1452 3267 eo
1491 3215 1705 3267 nomi-ne
1744 3232 1898 3268 omne
1932 3215 2257 3279 continetur,
2296 3215 2449 3279 qnod
2478 3212 2780 3266 adhibiwm
2811 3215 2927 3266 eius·

583 3292 855 3346 viaturam,
893 3283 987 3336 ovd
1026 3283 1329 3335 adhibitum
1362 3290 1454 3348 est,
1485 3291 1689 3347 mutat5
1728 3300 1849 3335 mom
1883 3280 1961 3345 id,
1998 3282 2150 3350 quod
2169 3298 2271 3333 nos
2288 3297 2542 3333 venenum
2567 3280 2926 3351 appellamus,

589 3349 797 3404 Graeci
829 3350 1193 3421 φάρμακον
1227 3352 1430 3403 dieunt.
1500 3350 1586 3403 Sic
1621 3350 1747 3402 Hor.
1782 3349 1878 3418 Ep.
1920 3349 1992 3409 11,
2038 3354 2082 3410 1,
2121 3352 2235 3402 207.
2273 3348 2438 3401 Lana
2479 3348 2771 3402 Tarentino
2810 3350 2924 3401 vio-

586 3418 672 3471 las
705 3419 921 3471 imitata
953 3434 1168 3471 veneno,
1216 3418 1369 3472 Ovid.
1418 3417 1632 3471 Remed.
1672 3422 1787 3471 351.
1834 3434 1955 3469 cum
1992 3416 2193 3487 positi&
2232 3433 2336 3468 cua
2374 3414 2594 3469 collinet
2637 3435 2741 3469 ora
2773 3433 2924 3469 venc-

586 3486 673 3538 m's
710 3487 764 3551 (i.
808 3503 850 3538 e.
888 3487 1052 3550 fuco).
1124 3485 1321 3539 Eadem
1369 3485 1752 3547 significatione
1808 3484 1964 3537 vim
2009 3484 2149 3554 apud
2189 3483 2389 3536 Lucan.
2438 3481 2505 3546 X,
2547 3486 2659 3536 123.
2708 3484 2921 3552 legitur.

586 3583 649 3591 —-
690 3554 1086 3619 „Assyrium
1118 3552 1169 3604 h.
1212 3553 1248 3606 l.
1285 3569 1380 3621 pro
1416 3552 1566 3620 Syrio
1602 3555 1658 3605 et
1690 3551 1990 3606 Phoenicio.
2061 3553 2145 3605 Sic
2188 3549 2480 3617 Ἀσσύριον
2513 3553 2697 3610 ξεῖνον
2731 3552 2924 3620 accipi-

587 3620 781 3674 endum
854 3624 948 3672 uto
987 3621 1051 3673 de
1089 3623 1383 3674 mercatore
1418 3619 1700 3674 Phoenicio
1734 3619 1879 3688 apud
1915 3619 2134 3673 Tbeocr.
2175 3617 2247 3677 II.
2280 3620 2432 3671 162.“
2470 3617 2647 3687 Heyn.
2686 3618 2803 3672 vid.
2830 3619 2924 3673 ad-

586 3692 722 3741 nott.
761 3637 850 3740 adp
864 3687 980 3740 Ecl.
1017 3688 1094 3741 IV
1098 3729 1110 3745 .
1148 3692 1228 3742 25.
1282 3687 1538 3741 Imstatus
1594 3692 1677 3741 est
1720 3687 1862 3741 hunc
1902 3687 2078 3740 locum
2122 3690 2308 3740 auctor
2350 3684 2546 3739 Culicis
2581 3689 2662 3741 61.
2709 3686 2778 3739 sa·
2815 3705 2926 3740 non

587 3755 820 3820 Αεεῃνίο
846 3757 1070 3822 fuerint
1102 3757 1185 3809 bis
1220 3755 1377 3808 lauta
1412 3757 1596 3809 colore
1616 3755 1874 3808 Attalica
1908 3755 2104 3825 opibus
2136 3756 2272 3806 data
2294 3752 2517 3806 vellera.
2553 3785 2619 3793 -—
2643 3752 2770 3814 466.
2815 3755 2922 3808 Ru-

590 3823 707 3875 stici
748 3838 851 3875 non
889 3828 1155 3891 quaerunt
1193 3824 1366 3877 oleum
1404 3823 1711 3884 odoratum,
1749 3821 1843 3877 sed
1880 3822 2119 3875 contenti
2153 3823 2281 3874 sunt
2315 3820 2429 3873 oleo
2471 3821 2757 3889 liquida
2803 3823 2838 3875 i.
2877 3840 2923 3876 e.

624 3907 720 3942 uro
760 3896 816 3943 ct
851 3890 1096 3958 simplici.
1166 3891 1244 3943 De
1290 3892 1481 3943 casia
1527 3890 1633 3943 vid.
1672 3907 1789 3957 sup.
1827 3889 1895 3943 ad
1934 3889 2048 3943 Ecl.
2085 3889 2155 3945 II.
2193 3893 2273 3942 49.
2311 3892 2366 3941 et
2400 3888 2526 3942 Geo,
2562 3889 2637 3949 Π,
2675 3892 2790 3942 213.
2849 3891 2926 3943 At

588 3908 638 4009 11.
677 3957 714 4009 l.
754 3962 839 4010 est
874 3960 1051 4011 frutex
1086 3957 1177 4011 ille
1215 3957 1615 4026 intelligendus,
1656 3958 1806 4011 cuius
1846 3958 2098 4011 corticem
2134 3955 2414 4009 odoratum
2433 3955 2798 4011 admiscebant
2823 3974 2920 4012 un-

589 4025 817 4088 fluentis.
890 4027 973 4079 Cf.
1021 4025 1182 4079 etiam
1229 4026 1459 4079 Dioscor.
1508 4025 1550 4087 Ι,
1597 4029 1673 4078 12.
1720 4025 1986 4093 Theophr.
2032 4024 2087 4078 h.
2137 4024 2207 4094 pl.
2258 4024 2360 4081 IX.
2401 4027 2448 4077 6.
2495 4022 2635 4078 Plin.
2675 4024 2804 4080 XII.
2844 4030 2921 4080 13.

588 4092 697 4145 alii.
735 4120 802 4130 -
838 4112 1039 4159 „usus
1088 4094 1261 4146 olivi
1301 4093 1509 4147 doctius
1560 4109 1719 4162 quam
1755 4093 1959 4152 oleum,
2012 4109 2115 4162 quo
2168 4095 2413 4146 utuntur.
2480 4091 2630 4146 Infra
2665 4091 2764 4147 111.
2809 4098 2921 4148 135.

589 4160 833 4212 οόιτωίοτ·
866 4178 1008 4214 usu-3.
1046 4160 1235 4214 Horat.
1272 4160 1371 4214 Od.
1408 4161 1507 4219 111,
1550 4164 1594 4221 1.
1619 4164 1702 4214 42.
1740 4178 2120 4230 purpurarum
2151 4177 2296 4212 neus.
2338 4189 2401 4197 —-
2439 4161 2778 4230 eorrumpi
2803 4160 2855 4214 h.
2882 4162 2920 4215 1.

589 4244 681 4296 pro
719 4227 943 4286 misceri.
986 4227 1079 4281 ned
1115 4226 1369 4281 adiuncta
1402 4230 1616 4282 notione
1650 4228 1967 4281 mutationis
1999 4228 2056 4281 in
2094 4227 2354 4287 deterius,
2394 4243 2428 4279 a
2460 4226 2617 4280 luxus
2651 4228 2947 4296 pravitate

589 4295 916 4362 profectae.“
953 4295 1130 4363 Heyn..
1173 4296 1379 4350 Iacobs.
1416 4296 1605 4349 laudat
1638 4295 1912 4350 Plutarch.
1956 4296 2014 4349 T.
2043 4296 2116 4349 11.
2151 4313 2199 4365 p.
2234 4298 2349 4348 393.
2371 4293 2455 4347 C.:
2497 4296 2565 4348 τὰ
2604 4294 2920 4366 ιιιγνύμενα

590 4361 2324 4485 611331111111611111.ηἰῑεῖῑσῖεεᾶεῖῇξςεξϊ11
2338 4353 2920 4484 6131111έὲ061

590 4496 697 4544 sihi
732 4505 994 4565 corrupto
1030 4499 1235 4548 casiam
1270 4498 1519 4549 (ιίεεοὶυίε
1554 4498 1720 4551 olivo.
1757 4530 1821 4537 --
1863 4496 1995 4559 467.
2035 4502 2142 4561 At,
2181 4496 2296 4550 scil.
2331 4514 2442 4549 uon
2476 4499 2655 4567 abes&
2729 4497 2832 4551 uod
2857 4515 2918 4552 cx

591 4574 641 4612 v.
676 4563 789 4614 471.
830 4562 1195 4629 repetendum.
1264 4565 1433 4628 Quam
1475 4564 1666 4619 alacris
1699 4568 1883 4619 autem
1921 4567 1981 4620 et
2014 4565 2195 4621 vivida
2229 4563 2424 4619 evadat
2457 4563 2589 4622 haec
2626 4583 2678 4620 m
2741 4570 2920 4622 tarum
