3616 5026
1473 236 1947 321 sncomeA.
2034 235 2229 304 EeL.
2270 235 2319 303 1.
2998 238 3072 301 ιε)

723 399 1058 467 Barbarus
1100 401 1220 467 has
1263 413 1518 489 segetes
1534 404 1569 469 ⁸?
1613 427 1711 487 en,
1756 426 1881 490 quo
1925 401 2255 468 discordia
2302 405 2463 468 civis

722 482 1043 550 Produxit
1082 486 1386 552 miseros:
1431 486 1534 554 his
1577 510 1695 554 nos
1738 488 2146 554 consevimus
2187 488 2416 574 agros!

722 568 945 634 Insere
984 591 1176 652 nunc,
1215 569 1555 654 Meliboee,
1602 573 1802 658 piroS‚
1847 593 2018 658 pone
2059 568 2287 636 ordine
2329 571 2499 636 vitis.

720 651 819 716 Ite
862 674 1067 736 meae,
1112 651 1269 718 felix
1312 654 1640 743 quondam
1730 676 1902 736 ecus,
1945 655 2037 718 ite
2080 653 2386 752 capellae.

720 735 869 801 Non
914 757 1036 822 ego
1078 756 1196 802 vos
1240 737 1516 824 posthac
1561 739 1687 803 viri
1738 740 1753 755 ⁶
1799 738 2129 825 proiectus
2173 760 2241 802 1n
2281 748 2469 803 antro
3007 740 3072 788 75

719 816 1018 886 Dum0sa
1059 819 1344 906 pendere
1385 820 1615 909 procul
1659 821 1741 886 de
1781 843 1944 909 rupe
1986 819 2259 905 videb03

720 1035 956 1091 militum
990 1037 1153 1092 simul
1188 1040 1243 1093 in
1280 1056 1341 1095 eo
1375 1042 1557 1109 potest
1592 1040 1795 1110 quaeri,
1835 1038 1977 1109 quod
2011 1037 2408 1093 fertilissimum
2445 1052 2637 1107 agrum
2672 1034 2773 1088 sibi
2811 1033 3069 1088 donatum

722 1103 1044 1174 degenerare
1079 1110 1135 1160 et
1176 1108 1286 1162 fere
1331 1107 1596 1163 incultum
1641 1110 1815 1162 iacere
1860 1108 2062 1161 sinunt.
2103 1139 2168 1147 -
2204 1106 2465 1174 novale,
2516 1104 2730 1175 proprie
2774 1118 2905 1172 ager
2986 1103 3072 1154 ost

720 1173 1071 1227 cessationem
1108 1180 1291 1230 aratro
1329 1175 1680 1237 renovandus,
1720 1181 1838 1230 tum
1874 1190 2020 1244 ager,
2061 1176 2152 1245 qui
2186 1176 2419 1245 primum
2452 1175 2657 1234 aratur,
2695 1171 2799 1231 hic,
2834 1172 2900 1225 ut
2972 1173 3071 1223 tat.

719 1239 884 1296 Theb.
920 1240 1022 1304 111,
1062 1246 1178 1297 644.
1215 1247 1272 1298 et
1307 1244 1424 1298 Iuv.
1462 1244 1605 1306 XIV,
1658 1247 1769 1297 148.
1818 1244 1872 1296 in
1911 1244 2217 1297 universum
2292 1259 2348 1297 ro
2386 1258 2518 1312 agro
2553 1239 2699 1294 culto
2736 1239 3072 1308 positum.—

724 1306 809 1367 71.
846 1309 1220 1388 Barbarus,
1257 1310 1405 1366 Galli
1439 1312 1654 1383 aliique,
1694 1311 1785 1381 qui
1821 1311 1876 1364 in
1914 1310 2215 1380 legionibus
2251 1261 2403 1365 Rom.
2440 1316 2559 1363 tum
2594 1309 2764 1361 erant.
2823 1306 3074 1360 Ceterum

718 1375 870 1456 lahn.
908 1380 1345 1458 interrogationis
1379 1380 1536 1450 signa
1570 1382 1695 1450 post
1728 1379 1944 1432 habebit
1980 1381 2037 1432 et
2067 1386 2264 1446 seqetes
2298 1377 2543 1438 sustulit,
2618 1378 2798 1436 utaus,
2839 1375 2923 1427 his
2957 1389 3073 1427 ver·

719 1444 803 1497 bis
840 1445 1149 1513 responden
1184 1447 1253 1500 ad
1292 1463 1372 1509 ea,
1448 1464 1548 1503 uae
1585 1463 1634 1501 v.
1672 1450 1734 1499 67
1773 1462 1891 1516 sqq.
1929 1446 2198 1515 legantur.
2233 1444 2337 1501 Sed
2375 1449 2518 1499 reete
2622 1459 2746 1512 agn.
2783 1441 2881 1495 hoe
2918 1440 3075 1495 modo

718 1512 828 1564 vim
849 1513 1155 1593 etvigorem
1172 1515 1401 1569 orationi
1412 1465 1635 1570 (detrahi
1654 1517 1852 1570 censet.
1893 1514 2142 1568 Ceterum
2160 1530 2263 1568 non
2287 1511 2608 1573 dubitantis,
2630 1510 2724 1564 sed
2740 1508 2850 1589 ind·
2930 1509 3076 1563 antis

717 1596 834 1699 εῖτ
867 1583 1448 1706 mamb
1482 1581 1950 1705 τετετετετ1112
1994 1581 2129 1703 τε
2151 1582 2442 1703 εετετεετ
2471 1578 2690 1701 τοττε
2723 1525 3077 1714 ffigsszz

720 1714 864 1795 infra
885 1714 955 1770 ad
982 1732 1031 1770 v.
1062 1719 1143 1771 81.
1246 1668 1570 1781 notgvimuffi
1607 1718 1673 1773 de
1698 1719 1904 1772 satione
1929 1720 2184 1771 auctumn
2247 1717 2258 1729 ’
2285 1719 2410 1786 post
2435 1730 2666 1770 messem
2690 1713 2837 1768 facta
2861 1685 3076 1778 {ridetur

718 1782 1081 1851 cogitandum.
1108 1816 1173 1824 -
1215 1783 1302 1846 72.
1328 1787 1605 1841 Habemus
1623 1786 1709 1840 hie
1727 1785 1863 1839 duas
1887 1784 2144 1840 lectiones
2160 1784 2440 1839 Produzit
2456 1785 2512 1837 et
2530 1781 2817 1843 Pet-duxit,
2844 1796 3074 1850 quarum

721 1866 857 1919 quae
879 1852 1230 1920 praeferenda
1255 1856 1346 1916 sit,
1385 1854 1606 1909 difficile
1640 1856 1725 1909 est
1748 1852 2010 1914 iudicatu,
2050 1869 2171 1907 cum
2198 1855 2428 1921 utraque
2455 1866 2672 1905 sensum
2697 1865 2802 1903 non
2831 1849 3074 1918 ineptum

720 1918 991 1999 praebeat.
1011 1919 1291 1974 Procae-vit
1320 1922 1463 2044 afim
1448 1922 1616 1976 'ficat:
1655 1938 1758 1991 quo
1783 1936 2069 1990 progressa
2095 1923 2180 1975 est
2198 1918 2465 1975 discordia
2491 1923 2547 1973 et
2571 1917 2640 1972 ad
2665 1933 2824 1986 quem
2844 1915 3073 1995 gradum

720 1988 1701 2113 ffifflzffiiffifflffiei
1726 1990 2188 2125 ’ἕὲἷέιέωέῗᾷῳέ
2188 2004 2401 2126 ἇεῗξῖξῗ
2420 1985 2496 2108 ἕέῗ
2514 1983 3074 2107 ξ’ἐὲἲέὼίώέαωεὲἒί

721 2136 863 2175 mam
881 2123 1168 2188 miseriam,
1190 2098 1767 2195 pervenerunt’civium
1793 2123 2083 2187 discordia;
2110 2139 2237 2178 nam
2261 2126 2316 2177 et
2340 2122 2479 2176 hane
2493 2121 2776 2176 lectionem
2802 2118 3076 2174 commode

721 2187 790 2242 ad
833 2189 1047 2245 colonos
1089 2192 1212 2246 illos
1255 2195 1444 2250 referri
1489 2211 1668 2264 posse,
1716 2208 1782 2247 ne
1822 2209 1887 2246 ue
1932 2192 2229 2246 necessario
2276 2205 2398 2244 cum
2458 2189 2647 2258 Wagn.
2707 2186 3076 2258 explicandam

721 2273 860 2312 esse:
901 2274 1100 2329 „quem
1136 2259 1205 2314 ad
1242 2262 1443 2316 exitum
1482 2279 1565 2317 res
1601 2277 1728 2315 suas
1837 2259 2105 2313 duxerunt
2141 2259 2321 2313 miseri
2357 2257 2559 2318 cives‚“
2598 2256 2719 2328 quis
2743 2272 2848 2309 non
2885 2254 3075 2309 videt?

720 2323 831 2378 Nos
868 2326 1236 2395 plurimorum,
1275 2337 1339 2384 ut
1373 2329 1603 2393 videtur,
1643 2326 1810 2383 Codd.
1848 2329 2230 2382 auctoritatem
2266 2325 2463 2386 secuti,
2510 2340 2632 2378 cum
2678 2324 2927 2394 plurimis
2965 2322 3077 2377 edi·

718 2392 928 2446 toribus
967 2396 1261 2464 recepimus
1297 2398 1606 2465 Produc-‘cin
1675 2395 1829 2451 Iahn.
1870 2398 2051 2449 autem
2088 2411 2210 2449 cum
2247 2393 2454 2448 Wakef.
2493 2392 2562 2447 ad
2606 2391 2762 2446 Lucr.
2805 2391 2885 2454 Π,
2929 2394 3077 2445 1116.

722 2458 966 2515 defendit
989 2462 1133 2526 Vat„
1172 2463 1332 2528 Gud„
1359 2464 1597 2537 Longob.
1634 2467 1692 2520 et
1715 2463 1875 2519 unius
1900 2462 2058 2518 Bern.
2096 2463 2382 2518 lectionem
2409 2460 2698 2515 Porduaeit.
2735 2491 2801 2499 —
2827 2459 2930 2512 his
2963 2476 3082 2512 nos

719 2545 779 2582 ex
817 2528 986 2585 Codd.
1023 2530 1141 2585 Pal.
1183 2536 1239 2587 et
1273 2534 1426 2589 Rom.
1465 2550 1587 2588 eum
1622 2532 1930 2592 Ribbeckio,
1969 2530 2201 2594 Ladew„
2250 2530 2489 2600 Hauptio
2533 2532 2589 2583 et
2633 2528 2883 2598 Coningt.
2933 2543 3076 2581 nunc

719 2594 1004 2653 edidimus.
1064 2598 1254 2670 Wagn.
1297 2601 1521 2657 retinuit
1556 2600 1704 2671 vulg.
1741 2599 2026 2655 lectionem
2063 2617 2145 2666 en,
2181 2599 2321 2719 ginis,
2375 2614 2470 2666 pro
2505 2596 2717 2668 quibus,
2760 2597 2813 2650 in
2851 2611 3078 2665 quorum

719 2663 1080 2730 commodum,
1128 2667 1194 2722 de
1237 2685 1345 2739 qua
1380 2670 1497 2724 anti
1533 2669 1679 2723 uiore
1713 2667 1897 2721 Dativi
1934 2669 2108 2721 forma
2144 2682 2195 2720 vi
2239 2709 2250 2719 .
2287 2665 2500 2720 adnott.
2535 2665 2604 2720 ad
2641 2665 2775 2719 Aen.
2810 2663 2856 2726 Ι,
2893 2667 2977 2718 95.
3015 2696 3058 2703 -

722 2729 810 2791 73.
844 2731 1065 2788 Ironice.
1102 2734 1233 2791 haec
1269 2736 1439 2792 dieta:
1527 2736 1620 2792 uid
1654 2737 1806 2791 iuvat
1838 2751 1982 2790 nunc
2015 2734 2312 2789 insevisse?
2349 2733 2595 2786 Ima-ere
2628 2736 2812 2786 autem
2835 2747 2939 2785 non
2963 2734 3078 2785 tam

721 2797 788 2853 de
822 2800 1158 2870 plantatione
1178 2843 1191 2867 ‚
1232 2821 1395 2874 quam
1471 2806 1613 2859 otius
1651 2803 1716 2858 de
1753 2803 2028 2865 insitione,
2065 2818 2201 2872 quae
2278 2801 2451 2870 roprie
2485 2805 2733 2862 vocatur,
2770 2798 3079 2878 intelligen-

722 2865 852 2947 dum
888 2872 1225 2991 (pfressfen).
1262 2873 1345 2927 Cf.
1436 2889 1556 2927 arro
1593 2872 1658 2926 R.
1696 2870 1761 2925 R.
1802 2869 1846 2930 Ι,
1886 2874 1966 2924 40.
1998 2870 2186 2941 pirum
2262 2886 2424 2923 onam
2456 2869 2518 2920 in
2544 2869 2734 2939 pirum
2765 2866 3080 2920 eibvatwam

720 2952 969 3015 tumere.
1082 2955 1191 3010 erg.
1230 2939 1358 2995 Geo.
1397 2940 1468 3002 Π,
1510 2943 1590 2995 69.
1640 2946 1757 3010 (per
1790 2938 2169 2994 inversionem)
2204 2937 2467 2990 inseritur
2501 2937 2728 2989 arbutus
2748 2937 2952 3005 fructu
2983 2952 3079 2987 nu-

722 3021 815 3057 cu.
852 3002 1080 3060 Prorsus
1118 3006 1300 3062 eodem
1339 3008 1496 3062 modo
1531 3007 1645 3062 Bel.
1683 3006 1779 3067 IX,
1801 3011 1884 3059 50.
1925 3004 2111 3060 Insere
2162 3004 2416 3074 Daphni,
2441 3004 2622 3075 piros.
2660 3002 2860 3057 Nostro
2894 3003 3078 3056 autem

721 3070 836 3149 loco
872 3074 1023 3143 pirus
1067 3077 1346 3145 tamquam
1391 3076 1595 3147 species
1632 3091 1728 3145 pro
1762 3075 2009 3129 universo
2044 3047 2296 3128 arborum
2332 3071 2720 3192 fruffiferarum
2752 3086 2947 3150 genere
2982 3085 3076 3123 no-

722 3146 977 3195 minatur.
1013 3174 1079 3182 —
1164 3160 1290 3197 one
1345 3145 1582 3198 ordine
1634 3143 1827 3208 vites,
1882 3141 1936 3195 h.
1974 3158 2016 3196 e.
2078 3140 2370 3195 secundum
2458 3156 2562 3194 oss.
2619 3155 2675 3192 ιιι
2726 3152 3076 3207 quincuncem

724 3215 744 3276 <
777 3210 896 3289 ᾖξ’).
936 3209 1020 3263 Cf.
1059 3161 1199 3265 Pssn.
1238 3210 1305 3265 H.
1344 3210 1413 3266 N.
1454 3210 1626 3273 XVII,
1669 3214 1748 3270 11,
1796 3213 1872 3263 15.
1912 3214 1969 3264 et
2003 3209 2130 3265 Ge0.
2167 3208 2239 3269 Π,
2261 3211 2378 3263 277.
2415 3206 2651 3278 Simplex
2686 3208 2871 3261 autem
2891 3204 3074 3259 Ablat.

723 3279 918 3332 ordume
959 3277 1252 3346 significat:
1288 3280 1453 3340 iusta.
1491 3279 1543 3334 le
1586 3279 1737 3332 'tima
1774 3278 1998 3331 ratione.
2074 3276 2156 3330 Cf.
2197 3276 2325 3330 Geo,
2365 3275 2410 3335 Ι,
2432 3278 2550 3330 426.
2587 3274 2664 3328 IV
2669 3315 2681 3336 ‚
2718 3278 2767 3327 4.
2805 3277 2922 3329 376.
2959 3275 3076 3327 537.

724 3348 854 3400 Aen.
891 3344 943 3407 1,
983 3348 1098 3400 703.
1135 3346 1200 3409 V,
1239 3349 1323 3401 53.
1368 3351 1477 3401 102.
1623 3385 1636 3409 ‚
1685 3348 1799 3399 723.
1843 3344 1965 3400 VII.
2008 3348 2122 3400 276.
2167 3359 2288 3397 eum
2326 3341 2539 3397 adnott.
2579 3342 2649 3396 ad
2683 3340 2798 3395 Ecl.
2835 3339 2955 3403 VH,
2996 3343 3077 3395 20.

722 3419 778 3469 et
810 3412 940 3469 Geo.
966 3412 1067 3476 111,
1090 3417 1204 3468 341.
1242 3446 1309 3454 -
1348 3414 1437 3475 74.
1472 3414 1645 3468 Locus
1681 3413 1879 3469 affeetu
1914 3413 2105 3482 plenus
2142 3414 2199 3466 et
2232 3426 2393 3480 quam
2428 3411 2656 3465 maxime
2701 3408 2770 3463 ad
2807 3409 3077 3463 miserati·

721 3498 877 3537 onem
911 3480 1244 3536 excitandam
1279 3482 1478 3545 factus,
1515 3482 1607 3552 qui
1642 3481 1795 3535 fluxit
1841 3496 1901 3533 ex
1937 3480 2155 3534 Theocr.
2201 3478 2253 3541 1,
2309 3482 2614 3538 115-118..
2658 3478 2754 3532 ubi
2801 3475 3079 3530 simillima

723 3550 931 3604 ratione
967 3548 1232 3603 bubulcus
1269 3549 1417 3612 feris,
1455 3549 1624 3611 silvis,
1663 3547 1906 3602 fontibus
1940 3547 2192 3601 ultimum
2231 3545 2349 3600 vale
2384 3545 2533 3600 dicit.
2584 3546 2666 3599 Cf.
2704 3545 2868 3600 etiam
2905 3541 3075 3598 eiusd.

723 3618 817 3681 lx,
861 3621 938 3671 11.
1003 3616 1274 3685 Imprimis
1308 3619 1540 3688 repetita
1577 3633 1674 3670 vox
1714 3616 1802 3669 ite
1838 3615 2063 3669 inservit
2104 3613 2486 3668 vehementiori
2528 3614 2694 3668 animi
2737 3611 3078 3667 commotioni

723 3689 780 3739 et
812 3685 901 3739 hic
934 3683 1149 3753 quidem
1183 3684 1380 3740 doloris
1416 3683 1778 3754 magnitudini
1812 3684 2052 3752 graviter
2085 3680 2485 3752 significandae.
2522 3680 2642 3735 Vid.
2670 3696 2835 3750 supra
2856 3686 2968 3733 not.
3008 3677 3078 3732 ad

723 3770 772 3809 v.
806 3756 856 3806 4.
894 3755 949 3806 et
983 3751 1050 3804 W
1161 3793 1174 3807 .
1210 3753 1280 3807 ad
1316 3753 1468 3823 Eleg.
1509 3752 1579 3808 ad
1614 3750 1834 3806 Messal.
1927 3793 1938 3804 .
1979 3754 2091 3812 13..
2159 3750 2251 3819 qui
2295 3765 2412 3804 com
2451 3751 2575 3803 arat
2615 3748 2728 3803 Ecl.
2766 3747 2868 3810 IV,
2905 3750 2986 3801 24.
3023 3749 3079 3801 et

723 3824 806 3875 58.
826 3819 891 3883 V,
916 3823 999 3874 31.
1132 3860 1145 3882 ,
1176 3825 1257 3874 70.
1284 3821 1435 3882 VIII,
1478 3825 1525 3875 1.
1561 3824 1616 3875 et
1650 3825 1698 3874 5.
1740 3819 1865 3873 Geo.
1972 3858 1985 3880 ‚
2013 3821 2130 3872 465.
2195 3816 2324 3880 (Pro
2346 3816 2421 3870 Ec
2448 3859 2459 3870 .
2487 3816 2608 3878 VH,
2639 3820 2722 3870 70.
2746 3820 2946 3876 autem,
3022 3815 3078 3868 ui

723 3888 901 3943 minus
937 3887 1044 3941 hue
1077 3888 1325 3958 quadrat,
1361 3891 1488 3943 ante
1524 3887 1700 3942 omnia
1742 3885 1855 3940 Ecl.
1899 3885 2004 3940 VII
2019 3925 2032 3946 ,
2071 3890 2153 3940 44.
2195 3887 2251 3938 et
2285 3884 2359 3947 X,
2403 3888 2483 3938 77.
2534 3890 2690 3938 erant
2735 3883 2982 3938 conferen
3022 3882 3079 3942 i.)

724 3956 871 4010 Alios
907 3955 1166 4010 eiusmodi
1198 3956 1342 4011 locos
1377 3956 1666 4025 diligenter
1701 3954 1919 4032 collegit
1958 3953 2221 4008 Gebauer.
2258 3952 2324 4007 de
2396 3956 2502 4013 oet.
2540 3952 2582 4006 l.
2620 3970 2671 4022 p.
2710 3953 2773 4004 37
2812 3968 2928 4021 sqq.
2992 3949 3074 4004 Cf.

727 4025 892 4078 etiam
927 4021 1138 4077 adnott.
1164 4023 1233 4078 ad
1258 4024 1370 4078 Ecl.
1397 4025 1464 4085 X,
1489 4029 1572 4077 54.
1610 4055 1673 4063 —-
1711 4022 1890 4089 felem
1924 4023 2263 4091 quondam.
2304 4019 2372 4073 ΒΛ
2410 4019 2561 4074 beck.
2603 4023 2658 4074 et
2683 4019 2884 4088 Haupt.
2912 4017 3079 4072 Codd.

724 4091 839 4146 Pal.
879 4093 936 4145 et
970 4089 1111 4146 Gud.
1145 4090 1416 4163 Serviique
1453 4091 1676 4161 exempl.
1715 4090 1887 4143 secuti
1925 4087 2210 4145 ediderunt
2245 4089 2524 4158 quondam
2543 4089 2701 4157 felix
2708 4107 2732 4155 ‚·
2792 4087 2955 4152 ceteri
2996 4102 3079 4139 re-

727 4159 986 4214 centiores
1041 4158 1268 4214 editores
1322 4161 1599 4215 nobiscum
1659 4157 1884 4212 faciunt.
1921 4189 1988 4196 —
2026 4155 2113 4216 75.
2146 4155 2391 4220 viridi,
2452 4155 2594 4226 quod
2652 4159 2868 4209 antrum
2923 4152 3080 4208 viridi

724 4243 906 4281 musco
942 4225 1235 4281 obductum
1270 4233 1372 4290 est,
1410 4227 1497 4282 vel
1528 4226 1710 4307 potius
1756 4223 1897 4294 quod
1934 4223 2152 4279 frondes
2190 4224 2303 4278 eius
2346 4225 2485 4278 ostio
2522 4224 2822 4284 imminent,
2870 4226 2933 4276 ut
2967 4221 3081 4276 Ecl.

726 4294 789 4357 V,
817 4299 864 4349 7.
888 4297 945 4349 et
964 4294 1060 4358 IX,
1081 4299 1165 4350 41.
1190 4294 1294 4361 (Οἱ
1322 4296 1512 4367 Wagn.
1540 4311 1596 4348 m
1618 4294 1746 4348 min.
1771 4292 1902 4348 edit.
1922 4293 2105 4347 Ameis
2134 4291 2312 4360 Spieil.
2328 4308 2379 4360 p.
2406 4296 2455 4346 4.
2484 4290 2747 4345 Fritzsch.
2767 4289 2836 4344 ad
2860 4289 3082 4345 Theocr.

728 4362 829 4425 111,
873 4366 933 4417 13
968 4380 1047 4433 sq.
1083 4367 1155 4426 et,
1194 4365 1285 4433 qui
1323 4363 1419 4418 hos
1457 4361 1674 4424 laudat,
1711 4360 1974 4416 Gebauer.
2021 4360 2208 4430 Progr.
2253 4377 2305 4429 p.
2352 4361 2455 4424 15.)
2494 4391 2561 4399 -
2635 4356 2723 4417 76.
2767 4359 3077 4412 Dumosa.

728 4432 904 4485 Dumi
934 4430 1161 4485 maxime
1188 4431 1245 4486 in
1270 4433 1494 4502 rupibus
1531 4433 1588 4485 et
1620 4430 1918 4492 montibus;
1958 4444 2122 4498 quare
2153 4426 2280 4482 Geo.
2308 4426 2411 4489 m,
2439 4430 2556 4481 315.
2592 4426 3085 4480 hirci--wzantoe

726 4500 909 4552 ardua
942 4500 1154 4561 danaos,
1202 4500 1410 4581 Colum.
1449 4499 1570 4562 VII,
1610 4503 1657 4551 6.
1693 4498 1758 4551 de
1796 4513 1859 4551 ca
1898 4498 2013 4550 rino
2033 4511 2261 4576 pecore:
2335 4494 2402 4548 ia
2432 4511 2601 4577 aenas
2631 4494 2849 4548 &aneta
2872 4494 3084 4573 potstas,

888 4575 1193 4698 ..fssm‘is
1192 4565 1936 4706 ‘3302‘523'30555353012110122
1958 4561 2551 4687 ιῗῖἐῖῗὲὒιξῗῖῗῶῑ.
2572 4562 3087 4700 ²1²·79‘5‘23...252?.3

2599 4717 2630 4764 2
