3616 5026
1446 208 1976 278 GEORGIOON
2014 212 2180 278 LIB.
2223 213 2272 279 1.
2906 221 3025 283 259

687 371 852 438 Οιιιιι
896 373 1114 440 medio
1155 374 1397 441 celeres
1439 375 1741 441 revolant
1784 398 1868 442 ex
1908 399 2190 465 aequore
2230 381 2436 465 mergi

687 454 1186 544 Clamoremque
1228 460 1444 524 ferunt
1481 457 1569 523 ad
1608 459 1820 543 litora,
1860 482 2006 525 cum
2054 483 2135 526 ue
2175 465 2467 527 marinae

683 537 763 604 In
806 542 982 607 sicco
1025 538 1257 607 ludunt
1294 541 1534 608 fulicae
1575 553 1766 608 notas
1813 566 1893 609 ue
1935 567 1979 631 p
2046 542 2204 609 udes

682 621 950 689 Deserit
987 634 1183 711 atque
1224 624 1423 690 altam
1469 648 1672 714 supra
1708 649 1793 692 vo
1866 638 1886 691 t
1932 627 2136 693 ardea
2174 627 2429 693 nubem.

684 704 900 794 Saepe
940 709 1135 774 etiam
1181 708 1402 775 stellas
1445 720 1640 775 vento
1680 709 2076 797 inpendente
2117 709 2372 777 videbis
2923 723 3025 774 365

716 925 930 993 roponit
966 926 1117 980 verbi
1146 926 1296 981 fflius
1330 927 1675 984 construendi
1710 932 1767 982 et
1800 928 2100 998 explicandi
2138 930 2417 993 rationem,
2454 944 2518 983 ea
2543 932 2600 983 et
2619 929 2738 999 ipsa
2768 929 3022 999 exemplis

762 993 952 1048 cienda
987 996 1130 1058 erat,
1180 1011 1316 1065 quae
1351 1012 1474 1051 cum
1518 1013 1783 1066 nusquam
1818 997 2044 1052 inveniri
2078 997 2363 1052 videantur
2404 1002 2552 1065 (nam
2587 995 2825 1051 Suetonii
2862 997 3024 1052 verba

679 1060 874 1130 Neque
906 1062 1085 1141 verbis
1115 1080 1288 1142 neque
1348 1066 1489 1119 actis
1512 1066 1776 1119 adversm
1790 1065 1898 1134 pri
1979 1066 1990 1078 ‘
2025 1083 2107 1119 em
2130 1067 2450 1136 temperavit
2484 1063 2622 1119 nihil
2654 1066 2866 1119 omnino
2904 1082 3024 1135 pro-

680 1129 861 1194 bant),
910 1132 1085 1184 satms
1128 1131 1254 1185 dun
1335 1132 1743 1202 raepositionem
1793 1148 1916 1187 cum
2042 1132 2156 1186 thio
2203 1143 2258 1187 et
2299 1133 2490 1203 Wagn.
2535 1133 2765 1202 recipere
2801 1140 2929 1203 (qua
2962 1134 3015 1186 in

679 1212 736 1251 re
771 1197 938 1251 ceteri
973 1199 1292 1254 recentiores
1330 1199 1488 1254 editt.
1525 1206 1740 1270 praeter
1763 1200 2030 1270 Bryceum
2065 1204 2120 1256 et
2139 1200 2490 1256 Ribbeckium
2524 1216 2621 1255 nos
2660 1201 2829 1256 secuti
2852 1204 3019 1255 sunt).

678 1264 853 1320 Huius
888 1268 1074 1319 autem
1113 1268 1529 1322 constructionis
1562 1269 1705 1324 inter
1742 1268 1852 1323 alia
1886 1269 2018 1324 haec
2050 1268 2216 1324 habes
2250 1286 2398 1324 exem
2434 1268 2514 1323 la:
2549 1269 2681 1323 Aen.
2706 1268 2779 1331 11,
2803 1271 2852 1323 8.
2892 1268 3019 1322 Hor.

677 1331 777 1386 Od.
817 1333 890 1395 Π,
928 1336 976 1396 3,
1015 1337 1065 1388 3.
1106 1337 1266 1390 Auct.
1303 1335 1374 1389 ad
1413 1336 1608 1391 Heren.
1645 1336 1739 1398 lv,
1788 1341 1864 1400 18,
1906 1342 1989 1391 25.
2034 1336 2175 1391 Plin.
2211 1337 2310 1407 Ep.
2408 1377 2421 1400 ,
2457 1342 2508 1392 4.
2544 1336 2700 1390 Voss.
2739 1353 2800 1391 ex
2836 1335 3018 1391 Guieti

677 1405 734 1454 et
770 1399 1045 1455 Gebhardi
1078 1406 1384 1458 coniectura
1419 1420 1609 1483 parum
1645 1404 1791 1458 felici
1829 1403 2001 1459 edidit
2033 1405 2135 1458 tibi
2172 1406 2223 1526 Si.
2253 1421 2299 1460 e.
2333 1405 2467 1465 tuis)
2504 1435 2527 1446 -
2545 1434 2568 1446 ·
2783 1413 2847 1458 at
2868 1407 3021 1459 unda

676 1486 900 1522 eamme.
972 1469 1227 1525 Ceterum
1261 1476 1533 1526 sententia
1567 1473 1700 1526 satis
1731 1472 1904 1526 clara:
1942 1473 2079 1527 Tum
2114 1490 2172 1527 so
2197 1476 2291 1527 ent
2316 1473 2480 1535 venti,
2518 1490 2554 1543 p
2786 1510 2800 1535 ,
2836 1472 2919 1527 ita
2938 1473 3020 1525 in·

678 1536 1010 1591 crebrescere
1023 1576 1036 1600 ,
1083 1543 1149 1592 ut
1202 1539 1353 1593 navis
1396 1540 1483 1593 vix
1528 1541 1750 1594 resistat
1790 1539 2047 1595 fiuctibus
2060 1582 2073 1605 ,
2122 1557 2243 1595 cum
2285 1556 2412 1595 aves
2450 1541 2686 1596 marinae
2730 1540 2787 1594 in
2823 1540 3021 1594 siccum

676 1604 1111 1727 ffmgiuptfflss'
1149 1605 1462 1730 aeltunsser
1512 1609 1552 1660 τ’.
1614 1608 1734 1688 Vid.
1770 1608 1931 1661 infra.
1985 1607 2344 1731 Gltegsmiourem
2363 1610 2624 1730 (gaam)
2648 1610 2734 1662 ad
2781 1607 3020 1729 litora(i

672 1688 963 1819 Affatpss.
1007 1689 1252 1821 ιεῖξὲἶὶ
1309 1676 2050 1814 [s.’9¹13⁰3‹3¹3.¹i³3‡12¹⁸¹¹¹⁸¹¹1
1944 1744 2011 1799 de
2059 1693 2501 1809 amgffixnmt,
2553 1692 2769 1798 boffa
2811 1675 3023 1813 3:322.-

675 1808 963 1887 transtuht
995 1809 1287 1880 Vergilius.
1357 1811 1562 1866 Contra
1596 1812 1798 1866 Aratus
1834 1828 1884 1865 v.
1932 1815 2042 1867 186.
2078 1816 2160 1866 97.
2203 1813 2321 1882 [918
2354 1812 2456 1882 sq.]
2493 1827 2703 1881 mergos
2746 1814 3021 1879 (αἰθυίαις)

674 1892 729 1928 ιιι
762 1875 924 1932 litore
958 1876 1063 1931 alis
1098 1878 1355 1948 plangere
1389 1882 1783 1934 memoraverat
1832 1879 1993 1949 [quod
2029 1881 2227 1949 repetit
2259 1880 2456 1935 Lucan.
2493 1880 2558 1943 V,
2595 1882 2712 1934 553.
2770 1881 2887 1933 Aut
2916 1880 3022 1932 eic-

674 1961 813 2009 erem,
850 1946 1007 2013 quod
1038 1963 1254 2014 mer-que
1286 1947 1483 2016 maath
1525 1947 1667 2001 unde
1699 1947 1916 2001 videtur
1952 1947 2196 2013 ductum,
2238 1948 2379 2018 quod
2416 1947 2469 2001 h.
2496 1947 2534 2001 1.
2572 1947 2638 2001 de
2658 1947 2870 2016 salicis
2900 1963 3021 2001 nar·

673 2016 887 2077 rantur,
934 2014 1125 2067 ludere
1167 2014 1228 2067 in
1266 2014 1471 2069 εἱσι-οβ’
1529 2015 1638 2069 Her
1693 2055 1706 2068 .
1776 2015 1893 2079 Quo
1927 2016 2104 2085 magis
2141 2016 2304 2070 etiam
2347 2016 2612 2069 incertum
2646 2014 2914 2077 redditur,
2956 2014 3020 2067 de

673 2081 870 2149 quibus
913 2080 1105 2134 avibus
1149 2082 1413 2161 aquaticis
1451 2083 1563 2137 Ver
1603 2083 1614 2095 ⁰
1644 2082 1724 2136 ‘us
1768 2082 1856 2137 hic
1892 2084 2225 2153 cogitaverit.
2295 2083 2527 2152 Mes-922⁸
2572 2082 2757 2204 'wlff‘
2792 2081 3023 2137 habetur

674 2150 774 2201 der
807 2147 1141 2203 Sedaucker
1214 2149 1301 2205 vel
1339 2152 1507 2205 etiam
1597 2152 1608 2164 ⁰
1670 2150 1939 2218 Sohar-be,
1980 2153 2082 2205 der
2122 2151 2447 2217 Comoran,
2486 2149 2662 2219 Keigh
2713 2167 2792 2204 eno
2840 2153 3018 2205 autem

673 2231 758 2284 ap.
785 2215 861 2270 Co
904 2216 914 2229 '
1024 2260 1036 2271 .
1074 2190 1287 2272 videtur
1324 2233 1443 2272 esse
1476 2219 1570 2273 die
1592 2218 1876 2272 Semnoeve
1915 2220 2024 2285 (the
2057 2220 2363 2287 sea-qtae),
2400 2218 2470 2272 ad
2508 2234 2671 2287 qnam
2705 2225 2888 2273 tamen
2914 2234 3017 2271 non

673 2282 940 2419 3²33&
1050 2287 1340 2408 „2⁶22ss
1377 2285 2103 2409 certamem·
2134 2286 2810 2419 mtffltwffi
2835 2288 3020 2406 ⁰⁰:33

674 2393 802 2473 haec
843 2393 964 2474 non’
997 2369 1198 2475 lilabeat
1240 2422 1467 2476 omi-tam
1506 2436 1622 2491 (per
1664 2422 1902 2475 medium
1946 2395 2116 2493 eapt'ct
2151 2442 2188 2475 a
2221 2429 2406 2475 rostro
2441 2422 2784 2487 resistentem)
2800 2368 2847 2483 ‚h
2862 2437 3020 2490 quam

670 2486 812 2542 Plin.
845 2487 942 2549 XI,
981 2492 1064 2551 37,
1101 2493 1186 2543 44.
1218 2491 1446 2559 fulicae
1480 2489 1742 2557 assignat,
1780 2489 2087 2558 Keightleio
2117 2489 2295 2559 potius
2340 2492 2425 2544 est
2458 2490 2559 2543 der
2596 2488 2915 2545 Gomoran.
2953 2521 3015 2529 --

670 2557 969 2611 marinae
1001 2556 1223 2611 additur
1258 2558 1415 2612 modo
1452 2563 1672 2628 propter
1705 2574 1772 2627 op
1811 2558 1952 2612 osita
1992 2559 2157 2612 verba
2197 2559 2438 2613 insieco.
2510 2558 2590 2612 De
2612 2574 2738 2613 voce
2772 2559 3018 2612 siceum

671 2623 779 2677 vid.
826 2623 1039 2680 adnott.
1086 2624 1157 2680 ad
1199 2627 1331 2680 Aen.
1368 2626 1443 2690 X,
1481 2630 1598 2679 301.
1634 2657 1701 2666 -
1737 2575 1840 2689 „fn
1881 2642 1933 2679 v.
1969 2624 2099 2686 364.
2146 2627 2350 2680 Aratus
2388 2625 2454 2680 de
2488 2626 2654 2681 ardea
2686 2626 3013 2696 praeiverat:

673 2697 728 2745 K
729 2697 996 2762 ινυμένου
1023 2711 1082 2746 τε
1108 2691 1413 2749 θάλασσαν
1438 2692 1836 2763 ὑπερφορέοιτ’
1867 2693 2114 2764 ἀνέμοιο,
2142 2697 2300 2748 vento
2323 2697 2471 2747 moto
2497 2694 2645 2747 volet
2669 2710 2830 2763 super
2851 2708 3015 2747 mare.

672 2758 725 2812 in
775 2774 880 2828 quo
918 2759 1192 2829 Vergilius
1240 2760 1410 2815 videri
1461 2765 1644 2831 potest
1695 2762 1900 2830 poetice
1944 2777 2225 2817 exornasse
2271 2762 2480 2817 volare.
2550 2761 2749 2815 Lucan.
2788 2761 2860 2824 V,
2899 2765 3016 2814 554.

676 2828 945 2896 Quodque
996 2846 1138 2882 masa
1182 2829 1373 2883 volare
1415 2832 1596 2883 ardea
1637 2829 1891 2882 sublimis
1986 2846 2155 2883 ennae
2207 2832 2415 2894 confisa
2465 2829 2697 2884 natanti.
2767 2829 3016 2884 Ceterum

672 2894 855 2950 Cicero
888 2895 1151 2950 Arateum
1185 2896 1424 2967 ἐρωδιόν
1449 2897 1714 2975 jai-deam,
1752 2899 1861 2950 den
1897 2847 2117 2965 ὥστ]
2160 2897 2400 2965 salicem
2442 2895 2751 2952 reddiderat
2793 2896 2858 2950 de
2892 2896 3014 2949 Div.

673 2962 724 3024 1,
762 2967 821 3025 8,
867 2966 945 3018 14.
1007 2963 1194 3032 [Rufa
1229 2963 1393 3033 fulix
1436 2966 1626 3018 widem
1659 2964 1894 3033 fuqiem
1935 2981 1964 3018 e
2099 2966 2209 3033 gite
2292 2965 2410 3019 onti
2448 2964 2686 3018 Nuntiat
2727 2963 3020 3018 horribiles

672 3032 919 3085 clamans
960 3032 1170 3086 Mare
1202 3033 1490 3102 procella-5
1533 3033 1685 3101 etc.]‚
1725 3032 1820 3086 ubi
1866 3031 1972 3086 vid.
1996 2982 2191 3087 fflvis.
2310 3032 2498 3087 imium
2540 3037 2748 3087 veteres
2791 3031 2894 3085 sibi
2937 3032 3018 3084 in-

674 3097 975 3167 dulgebant
1006 3100 1064 3153 in
1100 3100 1406 3155 nominibus
1442 3104 1694 3155 accurate
1731 3099 2075 3155 reddendis.“
2114 3100 2293 3171 Heyn.
2360 3099 2498 3155 Cum
2526 3099 2691 3155 Oodd.
2725 3099 2884 3154 lectio
2919 3100 3019 3153 flu-

674 3170 824 3221 ctuet
856 3167 1000 3221 inter
1029 3185 1206 3237 cupra
1236 3170 1406 3236 volat,
1440 3186 1611 3239 super
1642 3169 1823 3234 volat,
1859 3168 2055 3222 volitat
2285 3171 2342 3222 et
2369 3185 2538 3238 super
2579 3167 2794 3234 avolat,
2831 3166 3017 3221 Burm.

674 3235 789 3304 (qui
834 3235 1064 3289 conferri
1110 3235 1262 3290 iubet
1302 3235 1514 3291 adnott.
1564 3251 1692 3291 suas
1734 3235 1805 3289 ad
1846 3235 1997 3289 Ovid.
2034 3237 2096 3290 A.
2184 3278 2196 3291 .
2232 3236 2314 3299 11,
2359 3240 2436 3290 19.
2486 3238 2542 3290 et
2584 3235 2655 3289 ad
2693 3235 2841 3290 Suet.
2874 3238 3016 3314 Aug.

674 3307 783 3364 94.)
820 3302 955 3356 coni.
990 3320 1159 3374 super
1193 3302 1397 3372 evolat,
1436 3303 1592 3358 Voss.
1627 3307 1816 3358 autem
1848 3304 1902 3356 in
1941 3303 2026 3357 his
2060 3303 2221 3357 variis
2254 3303 2576 3357 lectionibus
2612 3303 2842 3373 vestig-ia
2878 3308 3018 3356 ant1-

711 3370 875 3424 uioris
910 3369 1118 3425 formae
1151 3389 1381 3441 supera,
1465 3387 1537 3426 ua
1569 3371 1854 3425 Lucretius
1891 3371 2018 3436 4111.
2056 3374 2172 3426 386.
2217 3371 2319 3432 IV,
2357 3375 2474 3426 674.
2512 3371 2577 3433 V,
2617 3374 2764 3425 1460.
2801 3373 2925 3426 ατο.)
2965 3373 3020 3424 et

722 3438 858 3492 'cero
894 3437 952 3491 in
983 3439 1200 3493 Arateis
1246 3453 1316 3504 (v.
1353 3455 1401 3493 c.
1482 3455 1510 3494 e
1544 3438 1616 3492 N.
1654 3439 1717 3493 D.
1756 3438 1840 3500 11,
1877 3443 1964 3492 42.
2001 3439 2097 3504 in.)
2138 3438 2424 3508 aliquoties
2459 3443 2690 3494 utuntur
2726 3439 2816 3504 (cf.
2854 3439 3018 3493 etiam

675 3504 935 3560 Priscian.
971 3505 1127 3568 m,
1164 3509 1220 3569 2,
1263 3510 1337 3561 11.
1384 3524 1436 3577 p.
1473 3511 1592 3561 980.
1638 3510 1696 3560 et
1728 3506 1881 3567 XIV,
1920 3511 1975 3568 6,
2015 3511 2099 3559 52.
2137 3524 2187 3577 p.
2229 3510 2423 3568 1001.“),
2480 3506 2627 3562 haud
2669 3511 2872 3562 temere
2917 3506 3016 3559 sibi

675 3572 889 3628 videtur
933 3573 1226 3638 invenisse,
1314 3591 1440 3628 uam
1482 3574 1737 3629 Ribbeck.
1796 3574 2014 3643 recepit.
2084 3574 2334 3629 Ceterum
2381 3575 2525 3629 hunc
2567 3575 2744 3630 locum
2791 3590 2875 3628 res
2913 3574 3020 3628 exit

672 3640 873 3696 Lucan.
911 3642 987 3705 V,
1024 3645 1140 3696 553.
1176 3675 1243 3684 -
1278 3591 1433 3704 (1365.
1491 3642 1674 3697 Etiam
1720 3641 2004 3696 stellarum
2036 3642 2381 3722 traiectiones
2416 3661 2457 3697 s.
2500 3642 2774 3712 discursus
2813 3647 2831 3710 (
2977 3662 3019 3721 3-

674 3711 1010 3781 schomppen,
1052 3711 1391 3778 ἀκοντισμοί
1424 3729 1470 3765 s.
1512 3711 1716 3780 διαδρο
1763 3713 1821 3763 αὶ
1856 3712 2133 3780 ἀστέρων)
2167 3713 2310 3764 mter
2343 3711 2645 3790 ingruentis
2680 3713 3022 3790 tempestatis

674 3776 874 3833 indicia
926 3777 1262 3841 referuntur-3
1470 3777 1537 3832 de
1582 3793 1638 3831 re
1680 3794 1715 3847 p
1740 3793 1863 3831 ures
1899 3780 2142 3833 veterum
2181 3781 2550 3841 consentiunt,
2596 3780 2677 3833 ita
2709 3779 2924 3848 quidem
2959 3781 3019 3831 ut

674 3844 818 3899 Plin.
842 3845 916 3910 11,
940 3850 1024 3910 36,
1050 3849 1135 3901 36.
1359 3888 1372 3910 ,
1403 3851 1484 3906 35,
1515 3848 1596 3900 80.
1634 3848 1690 3899 et
1715 3845 1952 3915 Geopon.
1988 3846 2034 3908 1,
2062 3850 2141 3900 11.
2170 3846 2516 3909 contendant,
2557 3846 2745 3901 stellas
2771 3845 3021 3900 cadentes

674 3914 997 3982 portendere
1029 3914 1294 3983 procellas
1332 3931 1395 3969 ex
1432 3930 1495 3967 ea
1530 3913 1745 3982 regione
1779 3913 2071 3974 venientes,
2108 3915 2162 3968 in
2189 3931 2351 3983 quam
2379 3915 2639 3978 ferantur,
2676 3917 2878 3968 Aratus
2900 3929 3022 3967 vero

675 3998 727 4034 v.
768 3985 1019 4102 194lsq9.
1062 3991 1126 4050 (s.
1161 3986 1263 4037 926
1297 3999 1415 4053 sqq.
1452 3981 1643 4061 Bekk.)
1681 3984 1738 4060 et
1776 3981 1898 4035 Sen.
1934 3982 2063 4036 Nat.
2100 3981 2200 4048 Qu.
2240 3983 2284 4042 Ι,
2313 3986 2391 4036 14.
2432 3993 2555 4062 {non
2593 3998 2637 4036 c.
2675 3987 2743 4044 6.,
2781 3987 2846 4036 ut
2880 3981 3024 4102 31)ξὲ

676 4049 829 4196 KR?
847 4058 1094 4172 effi>
1119 4050 1672 4239 ssffgtghrff’ffl
1700 4050 2919 4196 29⁸37¹‚⁰.2¹3t⁶{50t2{u?„”⁸h113¹2¹⁸3¹35q1ssf·1333ss
2962 4132 3020 4170 ex

676 4185 833 4239 Arati
866 4201 918 4239 v.
958 4188 1076 4240 926.
1123 4189 1358 4255 sumpsit
1441 4184 1690 4255 erg-ihus,
1745 4189 1997 4239 imitatus
2050 4188 2231 4240 autem
2286 4189 2371 4240 est
2423 4185 2624 4241 Lucan.
2659 4185 2733 4248 V,
2773 4189 2864 4238 561
2906 4202 3023 4253 sqq.

679 4253 761 4306 Cf.
797 4254 965 4306 etiam
998 4253 1129 4308 Aen.
1167 4254 1241 4316 Π,
1280 4259 1397 4309 693.
1437 4252 1504 4315 V,
1540 4256 1660 4306 527.
1693 4252 1853 4306 Ηοιιι.
1889 4252 1957 4306 11.
1996 4253 2089 4317 IV,
2130 4258 2210 4308 75.
2247 4257 2363 4307 366.
2402 4256 2460 4307 et
2492 4254 2647 4309 Lucr.
2684 4253 2757 4317 ΙΙ,
2786 4256 2885 4306 206
2906 4268 3021 4322 sqq.

678 4320 1099 4390 Nouam-noeque
1119 4324 1288 4390 faces
1324 4322 1468 4377 caeli
1498 4320 1728 4374 sublime
1759 4322 2005 4375 volantes
2029 4322 2230 4376 Nonne
2251 4322 2421 4400 ‘vides
2455 4322 2651 4400 longos
2797 4337 3024 4400 uriarum

680 4390 881 4442 ducere
913 4397 1138 4457 tracum,
1177 4391 1312 4444 Non
1346 4393 1545 4445 cadere
1578 4390 1639 4443 in
1670 4396 1876 4443 ten-am
1908 4390 2101 4443 stellas
2135 4397 2187 4444 et
2208 4391 2399 4444 adera
2421 4390 2636 4443 ceu-nu!
2722 4405 2827 4444 unc
2849 4403 3023 4457 1psurn

681 4462 862 4511 antem
903 4456 1143 4512 Lucretii
1184 4458 1360 4513 locum
1404 4456 1643 4527 Vergilio
1685 4456 1774 4510 hic
1815 4461 1941 4513 ante
1986 4457 2168 4513 oculos
2220 4457 2389 4511 fuisse
2431 4459 2595 4526 putat
2637 4457 2873 4512 Macrob.
2910 4456 3023 4510 Sat.

684 4523 776 4586 VI,
801 4527 845 4579 1.
881 4541 934 4594 p.
979 4528 1087 4580 156.
1126 4526 1246 4596 Bip.
1272 4560 1317 4567 -—
1374 4526 1787 4598 inpendente.
1827 4526 1978 4581 Voss.
2020 4527 2133 4581 sine
2172 4525 2321 4580 iusta
2355 4540 2520 4579 cansa
2562 4541 2625 4580 ex
2652 4526 2838 4595 paucis
2860 4522 3024 4578 Codd.

682 4591 902 4647 minoris
938 4595 1279 4649 auctoritatis
1314 4595 1519 4665 recepit
1553 4592 1876 4663 inmunde,
1912 4610 2231 4665 comparans
2253 4595 2525 4656 Senecam,
2567 4594 2659 4663 qui
2694 4593 2734 4647 l.
2773 4609 2817 4648 c.
2856 4591 3021 4646 dicat:
