3616 5026
1401 229 1928 301 GEORGIOON
1964 231 2129 298 LIB.
2172 232 2222 299 Ι.
2875 234 2991 298 185

657 399 876 502 Dique
915 399 1204 488 deaeque
1246 423 1487 483 omnes,
1533 399 1812 466 studium
1857 399 2091 487 quibus
2135 423 2298 466 arva
2338 400 2527 483 tueri,

660 484 916 572 Qulque
957 505 1164 549 novas
1208 483 1384 549 alitis
1425 507 1555 550 non
1599 483 1729 549 ullo
1778 485 2022 550 semine
2060 486 2164 550 fru
2211 506 2301 566 es,

660 567 917 655 Quique
960 568 1119 632 satis
1165 567 1421 654 largum
1467 566 1646 634 eaelo
1690 566 2026 633 demittitis
2070 570 2159 633 im
2206 590 2379 649 rem3

658 649 888 740 Tuque
928 649 1114 733 adeo,
1162 673 1349 739 quem
1390 675 1545 719 mox
1631 674 1753 717 uae
1797 653 1926 717 sint
1966 651 2272 717 habitura
2319 650 2587 717 deorum

658 733 950 801 Consilia
990 736 1307 802 incertum
1349 746 1468 820 est,
1514 759 1591 801 ur
1639 737 1777 802 isne
1817 736 2119 819 invisere,
2163 734 2424 813 Caesar,
2924 746 2990 797 25

657 989 851 1041 amato.
902 985 1026 1040 Vid.
1063 985 1206 1041 Serv.
1246 985 1316 1041 ed
1349 990 1481 1044 Aen.
1520 987 1622 1053 m,
1660 993 1818 1044 680.“
1861 990 2037 1061 Heyn.
2075 989 2154 1045 De
2191 987 2424 1045 Silvano
2461 989 2579 1059 ipso
2614 989 2721 1044 vid.
2766 989 2836 1045 ad
2873 989 2986 1044 Ecl.

656 1055 722 1117 X,
764 1057 845 1108 24.
882 1085 949 1095 —-
985 1060 1268 1109 teneram
1304 1060 1381 1109 ab
1417 1060 1651 1112 radice
1685 1076 2060 1127 cupressum
2093 1057 2255 1127 vulgo
2293 1056 2565 1127 explicant
2598 1059 2667 1112 ab
2695 1056 2874 1113 radice
2909 1076 2990 1112 re·

656 1122 890 1187 vulsum,
939 1122 1260 1184 abscissam.
1300 1124 1570 1180 Schirach.
1617 1130 1795 1182 autem
1835 1146 1888 1198 p.
1929 1132 2065 1189 313„
2104 1127 2257 1180 Voss.
2297 1124 2411 1195 (qui
2445 1141 2561 1180 com
2600 1129 2722 1180 arat
2753 1126 2896 1181 infra
2941 1144 2992 1181 v.

655 1195 752 1246 319
787 1207 868 1260 sq.
904 1199 1129 1259 seyetem
1161 1193 1233 1245 ab
1265 1193 1553 1247 radicibus
1584 1194 1708 1248 imis
1743 1225 1765 1236 -
1801 1228 1823 1237 -
1863 1203 2109 1251 eruerent
2149 1198 2205 1250 et
2238 1192 2438 1248 Catull.
2477 1192 2521 1246 L
2665 1235 2677 1256 ‚
2720 1196 2860 1257 289..
2899 1196 2989 1250 ubi

652 1258 862 1313 Peneus
894 1259 1087 1314 fluvius
1123 1261 1250 1314 tulit
1283 1262 1558 1316 radicitus
1590 1262 1734 1316 altas
1770 1263 1984 1330 Faqos,
2033 1265 2068 1318 i.
2116 1280 2161 1318 e.
2207 1279 2329 1317 cum
2371 1262 2490 1341 ipsa
2533 1260 2710 1315 radice
2756 1264 2991 1330 evulsas)

656 1330 712 1380 et
726 1326 939 1382 Milller.
963 1327 999 1382 S
1036 1328 1144 1382 icil.
1168 1327 1487 1384 Animadvv.
1526 1330 1581 1383 in
1610 1330 1808 1384 Catull.
1847 1349 1899 1401 p.
1939 1335 2021 1385 37.
2059 1331 2256 1386 rectius
2289 1329 2552 1385 radlcitus
2588 1347 2629 1382 s.
2668 1345 2789 1384 cum
2812 1331 2992 1385 radice

655 1398 884 1449 erutam.
1005 1395 1198 1450 andins
1235 1399 1418 1452 autem
1451 1397 1509 1451 in
1546 1397 1768 1453 Tursell.
1816 1399 1859 1452 I.
1908 1417 1960 1469 p.
2010 1402 2090 1453 24.
2130 1399 2316 1453 multis
2353 1396 2607 1478 exemplis
2644 1396 2862 1457 docens,
2909 1399 2989 1453 di-

656 1463 923 1517 ctionibus
956 1463 1028 1518 ab
1060 1463 1257 1535 stirpe,
1292 1465 1362 1519 ab
1396 1466 1605 1529 radice,
1643 1485 1680 1519 a
1707 1469 2093 1535 fundamenta
2132 1469 2304 1520 totam
2342 1469 2397 1520 et
2431 1481 2736 1519 universam
2773 1482 2884 1521 rem
2919 1468 2989 1520 ab

655 1534 917 1589 extrema.
954 1546 1064 1600 qua
1094 1531 1341 1602 incipiat,
1388 1538 1545 1605 parte
1583 1534 1835 1593 describi.
1872 1534 1926 1588 h.
1963 1533 2001 1588 1.
2041 1543 2276 1589 teneram
2309 1534 2382 1586 ab
2413 1533 2632 1599 radice,
2670 1549 2807 1603 quae
2841 1538 2990 1588 arcte

654 1598 933 1653 cohaerere
969 1604 1167 1663 censet,
1205 1602 1387 1671 paullo
1420 1602 1674 1656 subtilius
1709 1603 2120 1672 interpretatur:
2159 1618 2293 1672 quae
2317 1603 2437 1655 tota
2469 1603 2556 1656 est
2576 1604 2788 1656 tenera:
2828 1618 2987 1681 quam

655 1665 1057 1736 explicationem
1100 1669 1155 1722 in
1198 1670 1371 1739 prima
1413 1670 1543 1725 edit.
1588 1675 1644 1724 et
1687 1671 1798 1742 ipse
1854 1674 2057 1724 temere
2101 1672 2320 1724 secutus
2365 1685 2502 1723 sum.
2541 1700 2607 1709 —
2642 1666 2731 1728 21.
2770 1670 2990 1739 quuc

654 1737 939 1815 ‹lc-aeque
974 1753 1185 1791 omnes
1220 1742 1323 1792 etc.
1360 1739 1447 1792 Sic
1464 1739 1711 1820 hopert.
1737 1739 1828 1797 IV.
1861 1742 1936 1795 12.
1963 1738 2085 1801 (ΠΙ,
2126 1740 2228 1797 13.)
2253 1737 2497 1791 4l.hunc
2513 1736 2690 1817 locum
2715 1737 2993 1820 imitatum·

654 1803 1109 1936 wem?
1123 1806 2332 1953 1‘531m15.⁹²222²2⁸..32⁶.12²2²{²⁰.15‘5q33.505.f5
2364 1806 2671 1927 23:333?
2700 1813 2990 1953 ὶᾱῃὶἴὲἐέἶ

653 1955 787 1993 mus.
826 1972 892 1980 —
922 1935 1015 1998 22.
1053 1959 1215 2002 „non
1255 1940 1398 1995 ullo
1435 1958 1698 2003 semme,
1748 1941 1903 1996 nulla
1947 1944 2177 2003 satione,
2223 1956 2324 1995 sua
2368 1942 2558 2021 sponte
2596 1945 2985 2009 provenientes,

637 2023 835 2129 3333·
859 2016 1316 2129 &affl-,³⁰24
1349 2008 1646 2131 {⁶323
1679 2009 2184 2148 G⁸⁰·za¹{2.1.³35.¹⁴·
2221 2008 2475 2131 ..t-22⁶·
2511 2009 2643 2128 ³¹3·
2674 2007 2993 2131 ἧὶὰὲἔὸέῖ

1051 2096 1065 2131 :
1175 2094 1236 2130 ΒΥ
1289 2094 1349 2131 er
1636 2096 1724 2130 um
2309 2096 2329 2129 2
2475 2095 2549 2130 cm
2935 2096 2969 2129 n

654 2142 902 2212 Zephyri
928 2151 1089 2199 natos
1106 2145 1224 2199 eine
1240 2146 1441 2200 semine
1572 2147 1685 2200 ec.“
1768 2164 1912 2213 emm
1937 2164 2048 2200 non
2069 2086 2395 2201 ulltgpautem
2414 2160 2509 2214 pro
2532 2144 2678 2207 vuloe.
2705 2144 2988 2208 nonnullo,

655 2209 791 2279 quod
830 2211 974 2265 Serv,
1020 2210 1308 2267 admodum
1351 2229 1447 2267 con
1508 2218 1593 2268 rte
1637 2214 1823 2268 studet
1859 2213 2145 2284 explicare,
2189 2214 2442 2267 Heinsius
2486 2228 2548 2267 ex
2584 2208 2728 2266 Med.
2772 2215 2830 2268 et
2867 2213 2989 2268 aliis

652 2277 804 2333 bonis
849 2277 1004 2333 libris
1046 2281 1305 2335 restituit.
1352 2314 1419 2323 -
1460 2278 1551 2341 23.
1594 2281 1727 2336 Post
1769 2282 1895 2337 deos
1937 2284 2179 2350 agrestes
2215 2297 2277 2335 ex
2309 2281 2596 2335 notissima
2629 2280 2988 2335 Romanorum

650 2345 959 2402 adulatione
1002 2348 1166 2403 etiam
1205 2349 1487 2404 Caesarem
1531 2349 1882 2404 Octavianum
1928 2350 2143 2404 invocat
2182 2350 2463 2419 tamquam
2520 2348 2678 2402 deum
2734 2366 2854 2403 mox
2903 2349 2988 2403 fu-

647 2416 848 2479 turum,
884 2416 975 2484 qui
1010 2419 1191 2471 tamen
1227 2417 1310 2471 cm·
1343 2416 1562 2472 deorum
1600 2417 1769 2471 ordini
1805 2421 1862 2472 et
1884 2416 2085 2486 generi.
2122 2419 2308 2471 utrum
2329 2417 2686 2477 terrestrium,
2723 2433 2792 2471 an
2818 2417 2988 2472 caele·

651 2482 831 2542 stium,
871 2498 938 2538 an
974 2486 1317 2550 marinorum,
1356 2502 1412 2541 se
1448 2485 1797 2541 adiuncturus
1832 2485 1905 2539 sit
1942 2484 2017 2548 (id
2054 2483 2194 2556 quod
2228 2485 2298 2540 ab
2333 2484 2504 2554 ipsius
2525 2484 2749 2540 arbitrio
2769 2502 2988 2555 suspen-

650 2566 769 2605 sum
806 2551 987 2612 facit).
1035 2551 1244 2607 decerni
1288 2554 1524 2609 nondum
1565 2554 1763 2624 possit:
1816 2570 1941 2609 nam
1986 2554 2182 2609 Orcum
2225 2551 2445 2608 minime
2488 2570 2548 2608 eo
2595 2569 2711 2607 esse
2747 2554 2988 2618 dignum.

650 2618 908 2674 Catroeus
950 2619 1090 2674 hanc
1141 2622 1373 2686 Aug-usti
1423 2622 1806 2677 invocationem
1859 2621 2121 2677 secundae
2168 2620 2385 2676 demum
2429 2620 2723 2688 Georgicon
2767 2620 2987 2675 editioni

650 2685 913 2741 adiectam
959 2686 1125 2742 fuisse
1166 2691 1352 2758 putat,
1406 2692 1689 2759 postquam
1735 2690 1942 2744 divinos
1985 2690 2086 2760 ipsi
2132 2688 2357 2743 honores
2401 2689 2632 2744 Senatus
2677 2687 2987 2750 decreverit,

650 2753 789 2820 quod
833 2755 880 2808 ei
1023 2758 1051 2808 t
1083 2758 1309 2811 mortem
1347 2757 1562 2813 demum
1602 2757 1857 2826 obtigisse
1899 2756 2131 2812 vidimus
2168 2758 2239 2812 ad
2273 2756 2389 2810 Ecl.
2426 2757 2478 2819 1,
2524 2758 2572 2811 6.
2641 2755 2744 2811 Sed
2781 2757 2829 2810 si
2867 2773 2987 2811 cum

650 2821 908 2877 Franckio
988 2825 1092 2878 ast.
1119 2824 1248 2879 Hor.
1286 2842 1340 2894 p.
1378 2828 1461 2881 23.
1499 2826 1554 2879 et
1588 2824 1878 2880 Ribbeckio
1901 2825 2114 2893 Proleg.
2150 2843 2205 2896 p.
2248 2828 2326 2879 14.
2366 2825 2645 2886 sumimus,
2687 2824 2819 2879 haec
2858 2826 2989 2878 scri-

649 2892 747 3011 pta
781 2905 897 2945 esse
935 2906 983 2945 a.
1012 2890 1158 2946 U.C.
1198 2895 1313 2947 718.
1347 2897 1475 2964 post
1511 2893 1786 2948 victoriam
1825 2893 2159 2973 abeAgrippa
2191 2893 2256 2948 de
2290 2892 2435 2947 Sext.
2465 2891 2718 2972 Pompeio
2745 2892 2816 2947 ad
2840 2891 2988 2971 Nau·

649 2957 1690 3106 232⁰?ssssiffffimim’fflsussmissssffi
1717 2960 2408 3109 ssssssssviffm‘unissffi.
2421 2959 2989 3107 ῗέιῖῗὲὲρῗεζῖἳῗέἓῗ

686 3110 793 3149 ian.
840 3093 901 3150 B.
940 3093 999 3148 C.
1037 3094 1108 3152 V,
1148 3098 1311 3156 132),
1360 3096 1600 3166 profecto
1645 3113 1748 3151 non
1792 3097 2027 3151 alienum
2074 3098 2192 3151 erat
2234 3113 2268 3151 a
2299 3098 2461 3176 poeta
2495 3095 2703 3149 divinos
2735 3095 2985 3161 Augusto

686 3178 874 3216 onores
909 3163 1162 3230 augurari
1199 3167 1254 3217 et
1289 3164 1415 3219 deos
1451 3164 1652 3233 fingere
1688 3163 2045 3220 deliberantes
2094 3163 2159 3218 de
2196 3180 2257 3218 eo
2296 3180 2350 3216 m
2390 3163 2672 3217 concilium
2710 3179 2866 3217 suum
2906 3180 2989 3218 re-

648 3230 932 3362 3322&
981 3229 1285 3352 “{ffflffhm
1304 3231 1640 3354 333⁰stssss
1673 3235 1884 3354 {affl
1920 3228 2585 3355 ἶοξῐηῗῗέὲᾋὲέῖὲ
2627 3231 2892 3353 ἓΐὲοέω
2909 3315 2985 3353 01.

649 3368 865 3420 tantum
906 3314 1097 3426 (i,p94.
1137 3316 1369 3428 28ξΪ8Π.
1409 3318 1527 3423 3231.
1562 3367 1669 3430 ΠΙ,
1709 3371 1822 3421 242.
1847 3342 1862 3367 ’
1940 3409 1954 3430 ,
1996 3372 2155 3430 192),
2193 3383 2297 3421 nus
2333 3383 2460 3421 uam
2497 3366 2551 3419 in
2589 3316 2984 3437 lieneidenlnegi,

647 3433 841 3500 Wagn.
867 3432 1023 3488 docet
1040 3433 1138 3499 Qu.
1161 3434 1309 3504 Virg.
1333 3435 1527 3490 XXVI.
1556 3435 1677 3490 Vid.
1697 3439 1879 3490 tamen
1904 3451 2040 3506 quae
2059 3434 2128 3489 ad
2154 3438 2285 3490 Aen.
2393 3476 2404 3496 ‚
2431 3438 2516 3489 96.
2545 3437 2602 3488 et
2628 3439 2742 3489 533.
2761 3434 2986 3490 adnote-

646 3501 822 3555 vimus
847 3500 971 3555 coll.
998 3517 1121 3556 cum
1146 3505 1257 3556 not.
1282 3503 1351 3557 ad
1379 3504 1492 3558 Ecl.
1519 3503 1612 3566 IV,
1643 3507 1719 3557 11.
1745 3536 1812 3545 -
1832 3521 1976 3557 mooe
2010 3505 2193 3573 potest
2217 3502 2500 3565 offendere,
2534 3518 2654 3557 cum
2680 3506 2842 3571 poeta
2864 3520 2987 3572 pro-

646 3569 902 3649 pinquam
938 3568 1171 3638 Augusti
1205 3574 1433 3626 mortem
1469 3571 1774 3641 praesag-ire
1807 3571 2071 3633 videatur,
2114 3587 2275 3652 quare
2312 3570 2522 3624 Peerlk.
2561 3587 2612 3639 p.
2658 3572 2769 3624 116.
2806 3572 2988 3640 potius

649 3637 863 3692 coniicit
900 3636 1030 3690 olim
1042 3656 1065 3705 ‚·
1101 3639 1337 3693 excusari
1372 3643 1554 3694 tamen
1585 3641 1770 3719 potest
1804 3639 2068 3693 brevitate
2103 3642 2246 3693 vitae
2271 3640 2324 3692 in
2354 3637 2679 3692 universum.
2720 3638 2802 3692 Cf.
2822 3639 2986 3694 etiam

647 3704 789 3759 infra
820 3720 873 3758 V.
908 3707 1024 3760 503.
1059 3704 1182 3759 Iam
1211 3706 1431 3777 pridem
1463 3708 1623 3762 norm
1653 3707 1794 3762 caeli
1821 3709 1890 3760 de
1909 3706 2083 3773 νομέα,
2127 3705 2344 3766 Caesar.
2371 3706 2606 3759 Invidet.
2630 3738 2696 3746 —
2721 3708 2990 3761 deorum

649 3770 965 3827 concilia.
1035 3772 1119 3827 Cf.
1158 3773 1290 3829 Aen.
1325 3774 1400 3837 X,
1439 3777 1487 3829 2.
1527 3774 1780 3843 Calpurn.
1818 3774 1930 3829 Ecl.
1974 3773 2126 3838 vm,
2174 3779 2256 3828 51.
2302 3774 2413 3828 Cic.
2463 3772 2620 3827 Tuae.
2665 3774 2717 3836 1,
2766 3776 2857 3836 30,
2904 3779 2986 3830 72.

645 3841 910 3894 socha-eum
944 3859 983 3894 a
1015 3842 1249 3896 concilio
1283 3842 1524 3897 deortun.
1568 3842 1686 3896 Val.
1733 3843 1875 3898 Max.
1928 3842 1981 3906 1,
2030 3844 2079 3896 6.
2149 3840 2437 3896 Caesarem
2479 3843 2706 3894 deorum
2749 3843 2987 3898 concilio

648 3908 966 3963 «παίσων-ωε
998 3910 1099 3962 ete.
1141 3942 1205 3950 —
1237 3906 1328 3970 25.
1368 3911 1638 3965 Incertum
1677 3913 1775 3970 est,
1813 3914 1996 3965 utrum
2033 3910 2176 3964 inter
2213 3909 2339 3963 deos
2374 3910 2590 3963 urbium
2614 3913 2987 3980 terrarumque

648 3976 910 4031 tutelares
949 3976 1133 4031 referri
1167 3976 1314 4033 velis.
1386 3979 1521 4032 Cum
1556 3980 1714 4040 omni,
1785 3979 1844 4032 ui
1877 3978 2147 4048 sequitur,
2182 3977 2298 4031 loco
2334 3978 2402 4032 cf.
2438 3977 2636 4031 Lucan.
2675 3977 2726 4040 1,
2767 3982 2832 4032 45
2868 3997 2985 4049 sqq.

650 4046 706 4098 et
741 4044 881 4099 Stat.
927 4043 1093 4099 Theb.
1130 4045 1182 4100 1.
1231 4048 1295 4100 24
1342 4063 1457 4116 sqq.
1503 4047 1609 4100 iam
1656 4047 1724 4100 ab
1823 4046 1974 4115 eynio
2022 4044 2169 4100 laud.
2209 4078 2274 4086 —
2312 4044 2619 4112 „urbisne
2671 4046 2985 4112 invisere,

648 4112 923 4182 inspicere,
959 4112 1150 4176 velis,
1189 4116 1245 4168 et
1277 4129 1345 4168 an
1383 4115 1572 4176 velis,
1610 4112 1665 4166 h.
1694 4131 1739 4168 e.
1761 4115 1961 4184 cupias,
1998 4113 2233 4174 affectes,
2270 4113 2539 4182 suscipere
2563 4127 2737 4172 aveas,
2777 4119 2987 4168 terra-

648 4198 786 4233 rum
818 4197 1040 4234 curam
1076 4183 1136 4235 et
1168 4182 1421 4237 tutelam.
1492 4182 1735 4237 Debebat
1769 4186 1930 4252 poeta
1964 4197 2185 4252 pergere
2220 4189 2271 4236 et
2307 4189 2487 4234 terras
2522 4197 2752 4244 cunam,-
2782 4181 2882 4235 hoc
2905 4182 2987 4236 in-

648 4246 905 4302 vertendo
939 4247 1157 4304 extulitt
1202 4250 1443 4319 velisque
1475 4267 1663 4303 euram
1697 4258 1990 4312 terranem,
2027 4250 2080 4303 h.
2117 4266 2160 4304 e.
2235 4248 2496 4310 raeferasz
2540 4249 2604 4302 ut
2638 4263 2795 4318 saepe
2830 4249 2986 4318 velle,

651 4317 709 4369 et
740 4313 1047 4377 βούλεσθαι
1084 4316 1225 4385 apud
1262 4317 1570 4372 Homerum.
1638 4318 1716 4372 De
1762 4319 1864 4372 tali
1896 4318 2044 4372 verbi
2080 4317 2193 4372 eius
2233 4333 2318 4371 em
2352 4318 2603 4371 iunctura
2636 4314 2840 4383 duplici
2873 4318 2981 4372 vid.

649 4383 834 4436 Burm.
870 4384 927 4436 et
958 4382 1137 4438 Bentl.
1172 4384 1241 4439 ad
1276 4385 1403 4440 Hor.
1443 4385 1542 4441 Od.
1589 4385 1642 4447 1,
1692 4391 1744 4450 1,
1791 4391 1879 4441 7.“
1919 4386 2093 4454 Hcyn.
2138 4384 2288 4440 Adde
2360 4401 2454 4438 uos
2492 4385 2600 4439 iam
2635 4382 2702 4437 ad
2737 4383 2849 4439 Ecl.
2889 4386 2983 4451 VI,

653 4453 735 4506 74.
771 4450 1127 4513 laudavimus,
1164 4456 1219 4507 et
1253 4453 1323 4508 cf.
1357 4453 1470 4508 Bel.
1510 4453 1573 4512 V,
1612 4457 1696 4508 46.
1733 4458 1818 4510 47.
1855 4456 1985 4508 Aen.
2022 4454 2065 4514 1,
2108 4457 2218 4508 124.
2365 4493 2378 4511 .
2417 4455 2534 4507 421.
2571 4451 2878 4521 multosque
2914 4456 2986 4509 si·

653 4518 808 4574 miles
851 4517 1012 4573 locos.
1080 4520 1303 4586 Mauso,
1364 4522 1479 4576 anti
1517 4537 1590 4576 ua
1640 4522 1945 4577 Accusativi
1998 4520 2171 4576 forma
2219 4520 2499 4592 deceptus,
2554 4535 2712 4590 quam
2771 4525 2988 4590 praeter

653 4586 908 4641 maiorem
942 4585 1109 4642 Oodd.
1148 4591 1359 4659 partem
1392 4591 1487 4644 tue
1616 4595 1855 4645 veterum
1889 4589 2363 4671 grammaticorum
2399 4589 2540 4660 apud
2575 4586 2810 4644 Gellium
2827 4589 2985 4655 XIII,

652 4656 736 4710 20.
772 4654 1068 4711 auctoritas
1113 4657 1227 4722 (ubi
1277 4658 1333 4713 in
1366 4657 1506 4713 libro
1538 4658 1706 4729 ipsius
1741 4657 1967 4730 Vergilii
2004 4673 2168 4714 manu
2202 4659 2436 4714 correcto
2469 4656 2689 4714 zon-bime
2722 4657 2984 4728 scriptum
