3616 5026
1511 211 2039 281 GEORGIOON
2078 215 2248 282 LIB.
2291 214 2405 281 IV.
3028 223 3151 286 529

796 373 960 440 Cum
1005 377 1222 443 subita
1263 380 1597 444 incautum
1642 379 1963 446 dementia
2007 382 2183 467 cepit
2226 393 2567 463 amantem,

792 457 1200 542 Ignoscenda
1240 462 1521 550 quidem,
1570 466 1808 528 scirent
1853 466 1908 529 si
1950 467 2287 550 ignoscere
2328 465 2586 531 Manes:

789 541 1056 607 Restitit
1103 544 1611 633 Eurydicenque
1657 569 1839 611 suam
1874 549 2005 613 iam
2049 547 2194 613 luce
2237 548 2355 612 sub
2401 552 2549 635 ipsa
3034 561 3137 609 400

790 623 1120 690 Inmemor
1164 627 1321 692 lieu!
1368 632 1703 717 victusque
1740 633 1941 695 animi
1984 633 2291 717 respexit.
2376 631 2482 696 Ibi
2527 633 2736 697 omnis

792 707 1062 774 Effusus
1101 709 1287 776 labor
1335 724 1529 797 atque
1573 714 1816 778 inmitis
1860 724 2056 800 rupta
2097 717 2361 799 tyranni

793 790 1093 857 Foedera
1136 804 1362 882 terque
1404 798 1630 882 fragor
1677 799 1923 883 stagnis
1968 797 2226 863 auditus
2272 799 2568 863 Avernis.

787 873 912 938 Ilia
956 875 1163 956 „Quis
1205 892 1268 942 et
1311 880 1472 959 me“,
1517 884 1586 945 in
1634 881 1744 960 uit,
1790 885 2140 961 „miseram
2183 892 2247 945 et
2291 892 2353 946 te
2393 882 2697 967 perdidit,
2743 879 3030 967 Orphea,

795 961 957 1037 Quis
1003 972 1221 1026 tantus
1264 962 1493 1028 furor?
1643 988 1683 1029 n
1723 967 1958 1029 iteruin
2005 963 2295 1029 crudelia
2339 980 2512 1029 retro
3037 975 3133 1024 4⁰5

827 1146 924 1153 om...
951 1147 982 1153 —
1011 1148 1074 1154 -
1097 1147 1211 1155 .-..—--

789 1263 890 1339 478
917 1277 994 1329 sq.
1037 1261 1247 1319 Peerlk.
1277 1279 1325 1330 p.
1357 1269 1473 1320 302.
1511 1271 1639 1334 post
1675 1266 1814 1319 hunc
1851 1281 2061 1319 versum
2100 1280 2263 1318 unum
2305 1265 2564 1319 excidisse
2599 1265 2924 1333 suspicatur,
2962 1262 3137 1333 qualis

789 1334 864 1381 sit
898 1327 1075 1383 Ovidii
1111 1332 1270 1385 modo
1305 1331 1450 1388 laud.
1488 1334 1592 1389 Sed
1632 1334 1750 1388 vide
1784 1332 1994 1388 Ladew.
2025 1333 2324 1389 Beurtlceil.
2365 1349 2417 1400 p.
2461 1336 2545 1386 26.
2573 1363 2629 1371 -
2665 1332 2793 1392 488.
2827 1332 3002 1385 Verba
3039 1334 3136 1384 in·

786 1405 1050 1450 cautum
1094 1402 1437 1455 dementia
1475 1403 1661 1472 cepit
1694 1409 2020 1454 amantem
2053 1403 2371 1467 repetuntur
2415 1400 2468 1453 iii
2506 1398 2672 1453 Anth.
2710 1400 2830 1453 Lat.
2868 1399 3049 1454 Burin.
3091 1399 3133 1458 J,

791 1468 903 1530 170,
933 1470 1026 1528 15.,
1065 1470 1130 1520 ut
1165 1469 1302 1532 (sine
1337 1470 1637 1524 incautum>
1674 1469 1837 1524 etiam
1872 1468 1917 1528 I,
1959 1472 2071 1526 168,
2119 1473 2223 1530 l-l.;
2261 1468 2544 1538 sequentia
2575 1473 2757 1521 autem
2790 1468 3041 1520 scirent
3078 1468 3139 1518 sl

787 1532 1138 1599 iqua-«icere
1175 1536 1411 1589 Manes
1446 1538 1573 1593 ibid.
1614 1538 1656 1596 J,
1705 1541 1816 1590 172.
1861 1540 1969 1589 liv.
2012 1538 2067 1589 et
2101 1535 2144 1598 Ι,
2187 1538 2298 1594 178,
2336 1539 2447 1589 312.
2488 1566 2551 1573 —-
2588 1534 2718 1594 490.
2776 1536 2954 1596 „iam
2990 1534 3135 1587 luce

784 1602 902 1652 sub
936 1601 963 1651 i
1016 1619 1105 1655 sa.
1153 1602 1354 1657 Seneca
1389 1605 1544 1658 Herc.
1588 1604 1692 1658 fur.
1732 1608 1844 1659 313.
1919 1603 2220 1670 Postquam
2255 1611 2332 1655 est
2369 1605 2449 1656 ad
2481 1621 2615 1655 orae
2646 1602 2893 1655 Taenari
2922 1609 3135 1655 ventum

786 1671 889 1720 etc.
927 1684 957 1720 e
1021 1686 1255 1739 superas
1291 1673 1536 1725 veniebat
1572 1674 1652 1725 ad
1685 1688 1855 1724 meras
1890 1687 1936 1723 v.
1966 1674 2121 1723 486ss
2178 1670 2351 1738 Heyn.
2418 1670 2494 1722 Ex
2530 1669 2697 1724 Servii
2734 1668 2928 1723 Dresd.
2966 1669 3134 1722 inter·

823 1736 1119 1792 retatione:
1176 1738 1362 1803 „Quae
1407 1756 1572 1808 paene
1619 1739 1722 1792 sibi
1770 1739 1877 1792 iani
1928 1739 2032 1791 erit
2070 1736 2316 1791 reddita·‘
2371 1740 2617 1806 apparet,
2673 1736 2808 1791 alios
2846 1736 3021 1790 locum
3057 1736 3134 1788 sic

823 1802 1121 1858 istiuxisse:
1158 1807 1602 1876 Eurydicenque,
1632 1825 1788 1860 smmi
1825 1807 1952 1864 iam,
1989 1806 2108 1859 luce
2141 1823 2183 1859 ε.
2213 1805 2271 1864 i..
2308 1806 2466 1874 quod,
2503 1805 2607 1857 nisi
2646 1820 2766 1857 cuni
2808 1804 3134 1857 detrimento

785 1870 902 1924 soni
947 1871 1117 1938 fieret,
1176 1873 1363 1942 Wagn.
1411 1876 1678 1945 probaret.
1748 1875 1948 1942 Aperte
1989 1877 2173 1926 tamen
2260 1875 2467 1927 raestat
2514 1871 2751 1939 vulgaris
2799 1872 2961 1925 ratio:
3011 1887 3133 1925 cum

783 1937 890 1991 iam
935 1940 992 1992 in
1036 1956 1099 1994 eo
1148 1944 1290 1995 esset
1352 1945 1414 1995 ut
1451 1944 1572 1997 Orci
1624 1942 1869 1995 faucibus
1904 1940 2180 2007 egrediens
2237 1956 2387 1995 uceni
2427 1956 2494 1993 ue
2528 1941 2763 1993 revisens
2801 1955 3015 1993 uxorem
3055 1938 3132 1991 vi-

783 2008 871 2084 tae
911 2005 1179 2062 humanae
1223 1983 1487 2063 redderet.
1525 2041 1584 2048 —-
1623 2008 1750 2068 491.
1799 2011 2067 2068 ..vietus
2112 2007 2356 2062 absolute
2432 2008 2589 2061 ‘citur
2625 2007 2689 2073 is,
2743 2007 2838 2076 qui
2866 2023 2909 2085 'a
2942 2021 3133 2074 propo-

784 2075 889 2125 sito
922 2075 1141 2138 recedit,
1181 2093 1236 2130 re
1272 2077 1455 2146 aliqua
1488 2081 1778 2146 permotus.
1832 2076 1921 2130 Ita
1952 2076 2127 2129 vic-tm
2161 2090 2318 2144 saepe
2356 2091 2416 2129 ex
2451 2077 2702 2128 contextu
2740 2090 2799 2128 ex
2839 2073 3131 2127 licendum,

786 2141 920 2196 Aen.
954 2142 1049 2208 IV,
1089 2148 1202 2199 370.
1245 2144 1396 2198 Num
1430 2146 1693 2197 lac-rimas
1729 2145 1901 2197 ‘evictus
1937 2144 2126 2196 dedit!
2164 2142 2216 2195 h.
2261 2160 2305 2197 e.
2344 2147 2617 2211 permotus
2654 2141 2798 2210 preci
2838 2158 2901 2194 us
2941 2144 2998 2194 et
3032 2141 3132 2193 mi-

784 2208 1090 2286 sericordia.
1128 2212 1261 2265 Aen.
1301 2212 1372 2271 11,
1429 2217 1546 2266 6119.
1617 2212 1727 2264 Hie·
1770 2228 1900 2264 vero
1945 2212 2121 2264 vietus
2166 2211 2404 2278 μηνῶν,
2452 2209 2504 2263 h.
2546 2225 2589 2263 e.
2632 2209 2861 2262 ostentis
2908 2208 3131 2262 evictus.

781 2274 886 2328 Hic
934 2279 1111 2331 victus
1153 2283 1311 2332 notat
1357 2283 1536 2332 niotus
1583 2279 1845 2334 desiderio
1892 2282 1948 2332 et
1990 2294 2172 2331 amore
2217 2279 2450 2331 ποι-183*
2504 2276 2700 2330 Wuiid.
2776 2276 2901 2329 Noli
2948 2280 3129 2329 tamen

781 2346 997 2462 ἕπει-ε,
1053 2345 1155 2399 hoc
1198 2348 1374 2399 victus
1419 2363 1512 2416 per
1552 2364 1608 2400 se
1646 2347 1972 2409 significarae
2024 2346 2255 2414 acquirit
2289 2345 2469 2414 potius
2503 2344 2646 2398 hunc
2688 2359 2907 2398 sensum
2941 2342 3129 2396 addito

820 2426 997 2465 einum
1023 2413 1273 2467 Genitivo
1308 2415 1484 2467 animai
1516 2415 1879 2480 (hinsivlitlicla
1912 2415 2082 2466 seines
2107 2413 2388 2472 Heraens),
2426 2416 2491 2465 ut
2513 2414 2688 2465 victm
2712 2412 2902 2468 animi.
2941 2410 3127 2464 eadem

782 2479 991 2534 ratione
1031 2481 1256 2543 dictum,
1303 2498 1412 2551 qua
1444 2482 1577 2537 alias
1636 2491 1830 2552 eaptus
1875 2482 2063 2548 animi,
2112 2497 2295 2534 amens
2331 2480 2509 2534 animi
2540 2483 2661 2541 etc,
2716 2477 2857 2533 idem
2896 2482 3004 2532 fere
3038 2478 3131 2539 sit,

780 2547 1970 2686 {¹„⁰⁰i¹21?1133''”1?1022“²‘2⁰1{‘1231‘²''²251¹]1⁶1''²*p''²5⁰1'‘f’
2005 2546 3133 2681 {21tedeffiififftssxi'issffiffiiitd·..t².¹:;{}1⁸.;

780 2681 1122 2750 collegerunt
1159 2685 1346 2740 HeinS.
1396 2685 1463 2739 ad
1502 2684 1621 2739 Val.
1657 2684 1738 2738 Fl.
1776 2683 1879 2747 ΙΙΙ,
1934 2687 2047 2737 737.
2097 2685 2153 2736 et
2196 2682 2265 2736 ad
2301 2682 2395 2737 Sil.
2432 2681 2576 2747 XIV,
2614 2685 2727 2736 670.
2793 2680 3023 2735 Gronov.
3059 2680 3126 2733 ad

782 2748 897 2802 Liv.
933 2749 1103 2813 XXX,
1148 2755 1225 2811 15.
1266 2759 1312 2807 9.
1371 2752 1641 2807 Drakenb.
1678 2751 1746 2805 ad
1783 2751 1899 2804 Liv.
1936 2751 2030 2809 VI,
2071 2753 2151 2809 11,
2195 2756 2242 2802 3.
2300 2750 2525 2817 Herzog.
2562 2748 2629 2803 ad
2670 2747 2801 2803 Sall.
2839 2750 2959 2802 Cat.
2997 2764 3038 2800 c.
3084 2753 3131 2802 Σ».

823 2860 833 2869 .
871 2820 951 2870 26.
1011 2818 1334 2874 Boetticher.
1379 2819 1500 2873 Lex.
1539 2819 1711 2873 Tacit.
1753 2836 1804 2886 p.
1845 2822 1941 2871 213
1977 2835 2003 2871 s
2048 2857 2060 2869 .
2120 2816 2370 2870 Ruddiiu.
2409 2816 2485 2871 ΙΙ.
2565 2857 2577 2869 .
2618 2820 2682 2868 73
2719 2833 2746 2868 s
2823 2858 2834 2869 .
2871 2814 2980 2868 alii.
3056 2815 3131 2867 Ex

783 2833 1004 2952 gorgini
1040 2888 1370 2941 carminibus
1407 2887 1512 2940 huc
1588 2887 1823 2941 ertinent
1862 2834 2125 2963 Ge0.q1113
2165 2888 2276 2938 289.
2330 2888 2460 2937 Aen.
2496 2885 2521 2938 I
2558 2924 2569 2945 ‚
2607 2887 2687 2937 61.
2748 2834 2851 2942 ‘ff'
2888 2888 3005 2961 203.
3066 2882 3128 2941 V,

780 2955 896 3005 202.
934 2952 1027 3013 ΙΧ,
1067 2958 1183 3008 246.
1219 2954 1314 3017 XI,
1352 2959 1468 3009 417.
1616 2994 1627 3015 ,
1674 2960 1750 3008 w.
1789 2956 1892 3007 etc.
1932 2953 2014 3006 Cf.
2051 2954 2213 3006 etiam
2255 2968 2420 3021 supra
2452 2951 2521 3004 ad
2558 2967 2605 3005 v.
2645 2954 2777 3015 310„
2811 2949 2901 3002 ubi
2942 2950 3129 3003 eadem

782 3020 990 3074 ratione
1047 3027 1358 3076 constructa
1401 3022 1631 3087 legimus
1678 3029 1900 3073 truncus
1943 3022 2147 3099 pedum
2191 3021 2273 3085 (ivi
2313 3019 2606 3086 Ansam-aq
2652 3020 2757 3071 der
2800 3016 3014 3081 Fiae'sec),
3073 3022 3132 3069 et

781 3087 990 3142 adnott.
1038 3088 1108 3142 ad
1150 3089 1276 3144 Geo.
1314 3091 1359 3151 I,
1394 3094 1511 3152 277,
1555 3088 1649 3142 ubi
1683 3088 1804 3143 dies
1845 3088 2043 3155 felices
2088 3104 2313 3156 operum
2356 3089 2857 3140 commemorantur.
2894 3115 2961 3124 —
2997 3084 3128 3145 492.

781 3156 1086 3219 effusus,
1132 3157 1338 3219 irritus,
1387 3158 1590 3211 frustra
1633 3158 1924 3224 impensus,
1972 3158 2035 3208 ut
2072 3154 2164 3208 Gr.
2213 3155 2591 3223 ἐκκεχυμένος.
2667 3152 2750 3206 Cf.
2796 3152 2948 3206 Grat.
2995 3151 3127 3219 Cyn.

780 3225 895 3277 233.
940 3225 1154 3293 primos
1198 3224 1573 3294 nemcidquam
1620 3224 1917 3293 effunderet
1952 3230 2121 3275 actu-⁹.
2163 3252 2218 3261 -—
2261 3210 2389 3281 493.
2433 3220 2778 3282 Foedera,
2821 3218 3061 3272 conditio
3097 3236 3131 3273 a

779 3288 1013 3343 Plutone
1047 3292 1119 3344 im
1161 3292 1319 3354 osita,
1358 3295 1422 3346 ut
1456 3307 1622 3361 supra
1655 3307 1702 3345 v.
1742 3294 1860 3343 487.
1898 3290 1997 3343 lex.
2061 3290 2142 3341 Cf.
2177 3287 2386 3342 adnott.
2426 3286 2494 3341 ad
2531 3287 2661 3342 Ge0.
2698 3286 2742 3349 1,
2787 3289 2869 3365 ⁶⁰:
2908 3289 2964 3364 et
2995 3288 3125 3340 Aen.

779 3357 825 3417 Ι,
864 3360 943 3412 62.
1009 3358 1117 3413 Ver
1155 3375 1189 3413 a
1225 3368 1306 3413 at(
1337 3377 1386 3412 te
1436 3360 1642 3412 inmitis
1689 3364 1856 3427 rupta
1898 3357 2122 3425 tyranni
2157 3356 2415 3409 Foedera
2447 3356 2718 3408 iterantur
2751 3353 2818 3408 ab
2854 3356 3131 3407 imitatore

795 3423 898 3477 Ver
941 3467 953 3479 .
991 3426 1043 3478 in
1086 3426 1254 3481 Antii.
1290 3379 1814 3485 fatssurmjms,
1841 3429 1917 3477 16.
1942 3429 2325 3492 —„fra90r
2359 3431 2459 3475 ter
2497 3422 2796 3502 anglicus.
2833 3421 3049 3474 Sei-vius
3078 3423 3131 3489 {a

782 3491 874 3545 Ma
930 3492 1038 3545 inio
1073 3497 1129 3547 et
1158 3495 1363 3563 Heynio
1399 3494 1671 3563 explosus]
1709 3493 1845 3546 hanc
1882 3491 2087 3559 profert
2121 3506 2360 3545 causam:
2402 3492 2606 3554 ..Quasi
2645 3487 2979 3542 exsultarent
3011 3504 3130 3541 uni·

789 3561 913 3612 brae
963 3560 1232 3615 redditam
1271 3561 1586 3630 Eurydicen.
1626 3591 1649 3601 -
1686 3590 1708 3601 -
1743 3560 1990 3612 Lucanus
2034 3559 2087 3611 in
2125 3556 2338 3626 Orphe«)
2383 3558 2533 3619 dicit,
2587 3556 2874 3623 strepitum
2922 3557 3126 3609 sactum

781 3626 1038 3681 redeunte
1074 3629 1337 3698 Eurydice
1390 3630 1457 3682 ob
1496 3629 1616 3694 hoc,
1672 3629 1804 3698 qula
1845 3629 2101 3693 glandem,
2146 3646 2184 3678 ιι
2237 3628 2355 3679 ἰαί-ο
2389 3626 2638 3678 relictam
2676 3622 2996 3681 (reductam,
3048 3641 3129 3676 re-

779 3698 987 3748 vectam
1002 3696 1055 3752 Ρ)
1100 3697 1436 3767 Εατῃιίἱσεη,
1483 3698 1680 3750 iterwn
1719 3701 2000 3775 eperantes
2039 3694 2260 3814 (βπ-ἔλθω
2294 3691 2510 3761 {Orphei
2565 3696 2783 3746 cantum
2820 3707 2888 3769 se·
2911 3690 3130 3769 auditu·

784 3762 909 3829 rosl,
954 3763 1213 3819 Manes.“
1252 3764 1449 3827 Aliam,
1492 3780 1594 3817 non
1633 3764 2012 3822 coniecturam,
2054 3777 2110 3815 se
2182 3766 2387 3814 certam
2427 3760 2504 3829 [et
2537 3758 2725 3829 procul
2761 3757 2923 3811 dubio
2961 3774 3127 3811 veris-

781 3828 992 3897 simam]
1045 3833 1392 3893 sententiam,
1433 3832 1684 3901 proponit
1723 3831 1903 3883 VoSS.:
1959 3829 2167 3882 tonitru
2210 3829 2619 3881 subterraneum
2666 3828 2853 3879 natum
2899 3841 3016 3878 esse
3065 3843 3126 3879 ex

783 3912 980 3951 arcana
1015 3899 1085 3962 vi,
1128 3916 1233 3969 qua
1265 3900 1430 3953 Pluto
1467 3898 1509 3952 Ε
1613 3898 1762 3952 dicen
1800 3897 1855 3950 in
1881 3896 2113 3950 Erebum
2150 3893 2396 3949 retrahit.
2434 3894 2675 3948 Eandem
2713 3893 2819 3946 vim
2855 3910 3126 3957 arcananii,

780 3980 889 4032 qua
933 3964 1004 4018 ad
1052 3967 1432 4021 retrahendam
1478 3914 1714 4036 pffilam
1763 3980 1895 4044 opus
1941 3966 2085 4042 erat,
2132 3980 2251 4016 inox
2294 3961 2581 4041 ‚contendit
2634 3960 2965 4052 declaratam
3013 3978 3128 4039 esse

780 4034 1214 4155 Ξὲξεῗέῖοἲῖῧέὲ
1249 4035 1494 4155 Mitti.
1516 4033 1686 4155 3033?
1699 4032 2129 4159 nituit&
2166 4028 3128 4166 22⁵3&3¹⁰„33i‘225501’350'33‘505333

779 4165 959 4221 tudini
1032 4169 1283 4224 iniuriam
1353 4169 1530 4224 facere
1589 4174 1817 4223 censeat.
1888 4176 1954 4233 1,,
1973 4165 2151 4219 Voss‘s
2223 4166 2457 4235 opinion
2520 4193 2542 4204 -
2603 4192 2628 4204 ·
2689 4164 2881 4216 would
2942 4164 3128 4230 surely

776 4236 926 4304 spoia
975 4237 1061 4291 the
1104 4244 1308 4307 poeti-y
1359 4239 1437 4305 of
1471 4237 1559 4290 the
1599 4240 1914 4306 passoqcf‘)
1976 4232 2229 4288 Ribbeck.
2272 4249 2333 4286 ex
2380 4232 2532 4285 Rom.
2583 4230 2786 4299 recepit
2826 4230 3009 4297 stayvii
3051 4238 3129 4283 est

778 4305 1049 4369 (etoquia)
1093 4309 1149 4359 et
1193 4322 1254 4359 ex
1294 4305 1487 4373 fragm.
1537 4303 1677 4365 vat„
1722 4303 1899 4361 Rom„
1943 4301 2081 4356 Gud.
2133 4305 2190 4354 et
2236 4300 2445 4354 duobus
2490 4299 2651 4353 Bern.
2696 4300 2932 4359 Averni,
2984 4297 3125 4377 quod

781 4368 1012 4425 fortasse
1061 4372 1398 4441 probandum
1442 4375 1623 4427 censet
1666 4371 1986 4437 Conington,
2044 4369 2159 4435 ipse
2212 4370 2412 4431 tamen,
2466 4372 2530 4420 ut
2585 4365 2747 4420 ceteri
2803 4369 3124 4419 recentiores

780 4437 1028 4502 editores,
1078 4439 1427 4496 Ribbeckiuin
1476 4455 1581 4494 non
1634 4446 1864 4494 secutus
1938 4436 2020 4491 Cf.
2056 4436 2220 4489 etiam
2257 4435 2348 4497 VI,
2400 4439 2532 4496 115„
2578 4433 2673 4487 ubi
2716 4433 2857 4486 luc-22³
2890 4433 3127 4485 Averni-3

778 4504 1029 4572 legimus.
1087 4536 1153 4546 —-
1207 4507 1339 4568 495.
1413 4508 1598 4573 Quis,
1656 4506 1806 4577 quis
1864 4512 2092 4558 tantus
2146 4504 2373 4568 furor,
2437 4499 2638 4556 amoris
2688 4499 3125 4579 intemperantia,

780 4588 917 4641 quae
952 4574 1243 4644 Orpheum,
1286 4580 1348 4629 ut
1383 4576 1688 4643 respiceret,
1725 4571 1957 4641 impulit.
2026 4571 2200 4639 Supra
2232 4586 2281 4624 v.
2318 4574 2437 4624 438.
2475 4572 2595 4623 erat
2632 4569 2919 4648 denieiitqa.
2993 4568 3128 4645 (gnte

777 4644 949 4703 surm·
981 4644 1161 4696 autem
1201 4643 1473 4699 sollemnis
1507 4642 1618 4698 fere
1652 4645 1736 4697 est
1774 4639 2108 4705 exclamatio,
2148 4638 2240 4691 ubi
2273 4637 2560 4692 admiratio
2597 4651 2719 4689 cum
2756 4635 3126 4703 indignatione

882 4736 1115 4778 vmen..
1180 4737 1344 4779 PARS.
1389 4737 1429 4778 1.
1501 4736 1594 4776 ΕΙ).
1637 4735 1721 4778 IV.
2616 4735 2681 4783 34
