3616 5026
1442 178 1972 249 GEORGICON
2013 182 2177 248 LIB.
2224 183 2272 250 Ι.
2906 193 3025 254 215

686 344 931 431 Virgea
975 353 1317 432 praeterea
1357 345 1537 412 Celei
1581 347 1857 436 vilisque
1902 347 2193 433 supellex
2932 366 3027 417 165

687 427 1019 494 Arbuteae
1063 439 1272 493 crates
1317 441 1382 495 et
1419 432 1698 517 mystica
1739 453 1992 496 vannus
2033 431 2180 496 Iacc
2229 433 2267 498 i.

685 510 926 576 Omnia
969 534 1135 599 quae
1177 513 1375 578 multo
1423 524 1574 578 ante
1612 537 1861 579 memor
1907 515 2174 601 provisa
2215 538 2512 602 reponeS‚

687 593 759 658 Si
800 605 863 659 te
908 594 1109 681 digna
1148 608 1366 661 manet
1409 596 1611 661 divini
1656 596 1868 683 gloria
1913 599 2102 662 ruriS.

683 846 807 907 (den
828 845 1251 911 Dreschwaqem
1290 860 1446 914 quem
1467 845 1798 913 Coningtone
1825 848 1966 899 teste
1988 845 2116 898 Itali
2152 845 2448 899 etiamnum
2476 847 2679 899 trehbz‘o
2707 848 2760 898 et
2796 844 2896 898 His
2934 848 3020 898 ani

679 912 834 967 trillo
871 916 1109 975 vocant),
1150 913 1319 966 Varro
1354 913 1415 966 R.
1454 913 1514 967 R.
1553 914 1605 973 1.
1644 918 1732 975 52.
1775 917 1817 967 1.
1868 915 1948 966 ita
1983 913 2260 967 describit:
2325 915 2606 967 Trdmlum
2638 918 2710 983 fit,
2759 930 2786 966 e
2833 915 3021 966 tanda

679 981 962 1051 lapidibus
996 990 1093 1034 aut
1111 984 1282 1049 ferro
1327 988 1613 1061 asperata,
1662 998 1803 1050 quae
1848 982 2104 1051 imposito
2145 983 2345 1048 ani-issa.
2395 991 2492 1034 mtt
2522 985 2772 1062 pondere
2818 982 3028 1049 yrandi

678 1049 919 1102 trahitur
954 1048 1201 1102 iumento
1234 1049 1459 1115 iunctas,
1494 1057 1557 1101 ut
1591 1049 1855 1102 discutiat
1887 1066 1915 1102 e
1948 1068 1977 1101 s
2019 1051 2107 1103 ica
2142 1067 2334 1116 (staua.
2407 1050 2490 1103 (tf.
2527 1050 2601 1102 id.
2639 1050 2696 1104 L.
2735 1049 2791 1103 1..
2831 1049 2931 1109 IV.
2971 1052 3020 1101 3.

680 1120 736 1169 et
772 1115 913 1171 Plin.
949 1116 1150 1173 XVIII,
1179 1119 1259 1177 30,
1287 1118 1363 1170 72.
1405 1116 1617 1169 Servius
1657 1116 1724 1169 ad
1760 1116 1812 1170 h.
1850 1115 1887 1169 1.
1925 1132 1959 1169 a
1998 1118 2097 1173 dit.
2134 1118 2274 1170 omni
2310 1120 2465 1185 parte
2493 1115 2773 1171 dentatum
2802 1124 2856 1171 et
2880 1117 3021 1186 apud

677 1183 838 1237 Afros
877 1184 1106 1237 maxime
1139 1185 1192 1237 in
1232 1200 1329 1237 usu
1376 1183 1566 1247 fuisse;
1621 1201 1784 1262 quare
1829 1185 1991 1237 etiam
2028 1185 2342 1256 plostellnm
2375 1184 2668 1238 Poenicum
2713 1186 3020 1238 vocabatur.

679 1250 871 1305 (Varro
912 1251 976 1305 R.
1011 1251 1073 1305 R.
1111 1251 1146 1306 1.
1177 1251 1237 1306 1.)
1305 1251 1505 1305 Turcos
1543 1268 1601 1305 eo
1639 1258 1995 1305 instrumento
2032 1254 2335 1307 etiamnunc
2373 1253 2474 1307 uti.
2514 1258 2701 1304 auctor
2726 1256 2808 1307 est
2833 1254 3019 1319 Heyn..

678 1318 773 1397 qui
811 1318 1018 1373 confert
1053 1318 1111 1373 P.
1154 1318 1326 1372 Lucas
1372 1319 1592 1387 Voyaqe
1620 1322 1763 1373 (lans
1797 1322 1854 1372 za
1893 1318 2068 1373 Grec-a
2102 1321 2156 1374 Τ.
2200 1322 2241 1375 Ι.
2284 1338 2334 1389 p.
2367 1324 2495 1380 182..
2532 1319 2624 1372 ubi
2661 1321 2825 1374 etiam
2851 1324 3023 1374 forma

677 1402 793 1440 ems
828 1402 856 1440 e
929 1403 1077 1441 ressa
1123 1386 1213 1439 sit.
1288 1385 1547 1439 Trabea
1595 1406 1639 1440 s,
1688 1386 1849 1441 traha
1897 1389 2006 1441 (die
2045 1390 2451 1453 Dresclaewalzc,
2491 1388 2952 1455 Dresclwclelcifei
2990 1405 3023 1441 a

677 1453 869 1507 trahen
910 1469 939 1506 o
974 1454 1138 1511 dicta.
1179 1454 1349 1517 ἓλκηθ
1385 1472 1449 1507 «ιν
1485 1454 1832 1513 Graecorum.
1877 1472 2047 1520 genus
2094 1455 2320 1509 vehiculi
2357 1457 2470 1509 sine
2508 1455 2662 1509 rotiS.
2709 1454 2852 1509 infra
2885 1456 3019 1524 lapi-

677 1521 836 1575 dibus
873 1522 1195 1575 acuminatis
1230 1521 1315 1574 vel
1387 1523 1601 1575 entibus
1634 1523 1819 1575 ferreis
1855 1523 2105 1576 obsitum.
2177 1523 2354 1576 Etiam
2395 1524 2538 1592 apud
2575 1522 2782 1575 Colum.
2821 1524 2893 1581 II.
2935 1527 3015 1576 21.

677 1605 799 1644 cum
832 1589 1035 1642 tribulo
1074 1589 1428 1656 coniungitur.
1502 1590 1581 1643 De
1629 1594 1854 1659 utroque
1899 1594 2034 1643 conf.
2072 1589 2318 1644 Scheffer.
2357 1591 2420 1644 de
2457 1608 2514 1644 re
2552 1590 2716 1643 vehic.
2754 1590 2810 1643 11
2822 1630 2834 1642 .
2874 1596 2916 1644 7.
2955 1622 3019 1630 ——

675 1657 932 1778 ἑῖξςιῆο.
942 1658 1285 1791 paam-&J
1291 1673 1459 1726 paene
1493 1658 1653 1777 {rimis
1681 1659 1852 1777 ςιὲανί,
1892 1657 2224 1780 ςὲιοᾶὸἔῑξεέῑ
2239 1662 2350 1779 ferg
2383 1676 2448 1779 {u
2489 1662 2621 1779 erlaxt.
2659 1656 2895 1781 ιὲἷνθρῶ
2920 1658 3018 1713 Ill.

779 1743 994 1778 ,mma
1276 1742 1412 1779 asca.
1546 1742 1977 1780 erasi-ovi.
2143 1743 2172 1777 o
2232 1743 2312 1780 ,a
2431 1743 2494 1780 c.
2621 1767 2634 1781 .
2745 1764 2757 1775 .
2898 1742 3019 1779 r·ce

676 1792 916 1846 omnium
950 1791 1141 1846 horum
1177 1792 1655 1846 instrumentorum
1692 1794 1952 1861 imagines
1991 1794 2211 1862 exprimi
2252 1795 2500 1847 curavitst
2537 1826 2601 1833 —-
2641 1791 2759 1850 165.
2801 1791 2904 1846 Per
2925 1742 3019 1847 ³re-

673 1860 879 1930 liquam
917 1877 989 1912 su
1046 1859 1418 1927 olleo-tilem,
1501 1876 1600 1914 uae
1638 1864 1823 1930 utpote
1860 1877 1918 1914 ex
1954 1862 2245 1914 vimine'lnw
2280 1870 2330 1913 et
2356 1863 2586 1915 materia
2610 1863 2818 1913 mastica
2855 1862 3017 1916 facta.

710 1926 962 1982 uemadm
1036 1944 1122 1980 um
1159 1927 1328 1981 Varro
1366 1929 1446 1981 ait
1512 1970 1524 1989 .
1564 1930 1644 1991 22,
1689 1934 1750 1991 1..
1798 1929 1962 1982 vilis
1994 1929 2317 1998 appellatur.
2355 1928 2599 1995 intellige
2640 1930 2811 1982 orch.
2847 1928 3019 1981 fiscel-

697 2013 780 2058 os,
830 1996 1031 2049 formas
1074 1996 1338 2049 casearias
1382 1999 1437 2049 et
1484 1996 1680 2049 similia
1725 2012 1872 2049 vasa.
1945 1996 2128 2049 Celei
2171 1997 2369 2050 dicitur
2405 1995 2686 2051 Eleusinii.
2773 1997 2862 2049 uia
2906 1998 3018 2050 eius

672 2063 819 2117 filius
861 2062 953 2116 Tri
991 2062 1224 2117 tolemus
1273 2062 1399 2129 (vid.
1448 2080 1614 2132 supra
1651 2062 1719 2116 ad
1754 2080 1800 2118 v.
1843 2067 1948 2128 lu,
1996 2068 2058 2117 ut
2102 2065 2166 2117 de
2205 2064 2360 2118 Celeo
2397 2065 2513 2133 ipso
2548 2064 2699 2117 ovid.
2783 2069 2882 2117 ast.
2923 2064 3015 2123 IV.

672 2135 791 2186 508.
841 2132 898 2184 et
1064 2131 1132 2183 'n.
1183 2131 1292 2184 fab.
1335 2135 1470 2189 147.)
1521 2146 1554 2184 a
1593 2132 1782 2185 Cerere
1826 2131 2057 2201 hospitio
2108 2149 2228 2186 exce
2268 2138 2328 2185 ta
2373 2132 2632 2184 sationem
2680 2134 2897 2196 frugum
2938 2131 3017 2184 di-

672 2199 891 2253 dicerat.
965 2146 1087 2252 {5¹
1112 2197 1321 2251 Callim.
1359 2198 1409 2277 li.
1448 2199 1501 2251 in
1539 2197 1654 2252 Cer.
1693 2203 1755 2251 97
1781 2217 1806 2251 s
1848 2217 1893 2268 q.
1935 2204 1990 2252 et
2025 2200 2213 2269 Apollo
2258 2243 2268 2253 .
2305 2202 2349 2261 Ι,
2378 2205 2425 2253 5.
2459 2204 2499 2252 1.
2539 2200 2608 2252 ab
2631 2196 2836 2267 Heynio
2869 2198 3013 2253 laud.

670 2267 1000 2321 Referuntur
1036 2270 1218 2320 autem
1254 2265 1321 2319 ad
1358 2265 1511 2319 illam
1547 2266 1827 2335 supellecti
1854 2284 1934 2321 em
1973 2277 2187 2319 crates
2233 2268 2321 2320 ‹ad
2359 2267 2667 2320 occandum.
2709 2266 2812 2320 vid.
2852 2283 3016 2335 supra

673 2351 718 2389 v.
761 2338 867 2391 95.)
913 2338 968 2387 et
1016 2351 1290 2399 vannus,
1342 2351 1383 2386 s,
1436 2334 1673 2388 cribrum
1715 2334 1941 2388 cereale.
1992 2351 2095 2402 quo
2140 2336 2323 2404 paleae
2369 2339 2490 2403 post
2534 2335 2788 2388 trituram
2830 2351 2858 2387 a
2904 2339 3016 2387 fru-

671 2406 851 2456 mento
875 2400 1185 2455 ventilando
1210 2402 1631 2455 excernebantur
1657 2402 1746 2455 (cf.
1776 2402 1903 2455 Geo.
1928 2402 2027 2458 111.
2057 2407 2207 2457 134³.
2246 2404 2502 2471 cuiusque
2528 2419 2657 2455 usus
2685 2406 2802 2455 erat
2830 2403 2880 2454 in
2907 2422 3017 2467 my-

668 2470 854 2523 steriis
888 2467 1201 2527 Eleusiniisz
1238 2470 1558 2538 portabatur
1598 2470 1737 2524 enim
1774 2476 1886 2523 tam
1929 2486 2050 2524 uam
2093 2471 2302 2539 signum
2350 2471 2690 2525 lustrationis
2730 2474 2784 2524 et
2819 2486 3017 2539 purga-

670 2538 832 2592 tionis
868 2538 922 2591 in
957 2553 1153 2606 pompa
1195 2538 1385 2590 ΙιιιϊΙιί
1426 2537 1552 2594 (vid.
1588 2538 1655 2592 ad
1691 2538 1802 2591 Ecl.
1842 2539 1888 2590 V
1929 2580 1939 2601 ,
1987 2544 2113 2598 15),
2161 2556 2295 2608 quae
2339 2543 2484 2592 certo
2533 2539 2616 2591 die
2653 2557 2710 2591 ex
2747 2539 3017 2592 Ceramico

672 2605 977 2660 Eleusinem
1027 2605 1336 2659 ducebatur.
1410 2605 1492 2659 Cf.
1539 2605 1735 2659 Meum.
1780 2606 2017 2658 Eleusin.
2055 2623 2098 2659 c.
2134 2611 2213 2661 27.
2277 2609 2527 2660 ceterum
2575 2606 2789 2658 Hesiodi
2839 2606 3015 2660 locum

659 2671 826 2741 Ἐργ.
862 2675 961 2726 423
997 2689 1059 2741 sq
1102 2714 1115 2726 .
1156 2675 1282 2726 ante
1319 2673 1500 2726 oculos
1536 2673 1701 2726 fuisse
1728 2673 1803 2726 Vc
1875 2674 1978 2730 Ἧι).
2019 2674 2185 2732 Hem.
2222 2675 2331 2727 iam
2366 2674 2660 2727 adnotavit.
2698 2706 2760 2712 —
2795 2677 3013 2740 mysti-

668 2758 778 2795 σαι
816 2756 936 2793 raro
972 2743 1066 2794 tan
1223 2757 1256 2793 a
1295 2739 1366 2793 ud
1405 2743 1589 2808 poetas
1625 2755 1694 2796 (ν.
1735 2757 1778 2793 c.
1806 2690 2014 2794 lv'ilribull
2052 2731 2152 2796 111.
2191 2747 2239 2794 6.
2273 2748 2315 2795 1.
2357 2742 2596 2794 Martini-
2637 2741 2782 2794 Vm.
2813 2745 2893 2795 sl.
2929 2747 3010 2798 1.»,

668 2824 962 2888 numquam
1002 2806 1145 2876 apud
1225 2757 1468 2862 egestates
1513 2824 1703 2862 aureae
1749 2810 1947 2862 aetatis
1986 2810 2270 2877 scriptores
2308 2810 2597 2862 invenitur.
2672 2808 3014 2863 ..Vocabatur

669 2884 895 2944 mystwa
928 2893 1138 2928 vanum
1204 2877 1387 2942 aeclez’,
1430 2875 1605 2944 inquit
1642 2876 1776 2930 Pom
1819 2876 1973 2929 onius
2011 2876 2255 2933 Sabinus.
2296 2878 2422 2945 quia
2458 2877 2559 2930 Isis
2597 2878 2820 2929 fratrem
2858 2892 3012 2929 suum

668 2943 885 3002 Osirim,
921 2943 958 2996 i.
996 2960 1042 2997 e.
1080 2942 1331 2997 Liberum
1370 2948 1600 3011 patrem.
1640 2892 1953 2997 mutifatum
1994 2961 2026 2997 a
2061 2944 2337 3013 'l'jphmw⁹
2375 2960 2549 2996 vanno
2585 2942 2819 3006 collegit.
2883 2943 3012 2996 Inde

665 3010 908 3065 adhiberi
949 3011 1130 3079 potuit
1166 3011 1447 3079 mystificis
1483 3028 1528 3063 s.
1566 3011 1773 3065 arcanis
1810 3011 1975 3064 sacris
2004 3012 2163 3065 huius
2187 3013 2341 3065 Dei.‘·
2379 3044 2443 3050 —-
2487 3010 2607 3070 167.
2646 3011 2760 3072 ..Ex
2796 3010 3010 3064 Hesiod.

656 3078 827 3146 ’‘1397.
864 3082 982 3131 457.
1044 3083 1157 3131 τῶν
1202 3077 1464 3146 πρόσθεν
1501 3082 1755 3148 μελέτην,
1793 3079 1819 3131 ἐ
1858 3085 1993 3148 ἔμεν
2029 3079 2212 3141 οἰκήϊα
2251 3084 2483 3131 θέσθαι.
2523 3109 2580 3116 ν-
2621 3087 2791 3143 aveto,
2848 3094 3009 3146 quam

666 3163 798 3201 usus
836 3146 957 3200 erit.
992 3178 1058 3186 —
1095 3163 1330 3199 memor
1369 3145 1436 3200 ad
1493 3151 1739 3199 ornatum
1783 3162 1817 3199 a
1856 3147 2079 3206 iectum,
2133 3151 2193 3200 ut
2227 3147 2357 3199 ibid.
2397 3163 2443 3199 v.
2483 3151 2597 3198 422.
2638 3152 3013 3216 μεμνημένος,

667 3213 946 3285 providus,
999 3229 1106 3267 non
1153 3214 1409 3266 omittens
1444 3216 1498 3266 et
1544 3213 1878 3267 obliviscens.
1951 3216 2031 3267 (Ὗ.
2069 3215 2274 3268 (blunt.
2317 3215 2359 3267 1.
2401 3223 2446 3270 5,
2486 3221 2573 3267 δέ·
2635 3214 2807 3278 Ηεῃπ.
2879 3212 3013 3265 Vide

667 3282 835 3337 etiam
870 3281 1014 3335 infra
1046 3280 1119 3344 H,
1156 3284 1269 3336 347.
1323 3289 1373 3333 et
1406 3283 1577 3334 multa
1612 3299 1816 3334 memor
1856 3282 2044 3334 occule
2079 3291 2245 3335 terra.
2285 3313 2348 3321 —-
2381 3282 2660 3351 provisa
2705 3297 3009 3349 repones,

667 3366 772 3403 non
811 3351 1029 3404 tautum
1066 3366 1163 3418 pro
1195 3350 1517 3429 providebis
1552 3348 1805 3417 positum.
1844 3352 1906 3402 ut
1945 3349 2114 3416 Heyn.
2156 3353 2361 3402 censet:
2404 3350 2494 3401 scd
2537 3352 2821 3416 utrumque
2860 3364 3010 3400 suam

666 3418 834 3472 habet
858 3418 967 3470 vim
993 3419 1051 3471 et
1076 3417 1548 3486 sigmficationem:
1585 3432 1710 3469 nam
1749 3433 1938 3470 sensus
1976 3421 2083 3471 est:
2127 3418 2304 3470 omnia
2337 3417 2469 3469 haec
2502 3417 2864 3469 instrumenta
2898 3432 3013 3468 ma·

667 3490 790 3540 ture
825 3484 1150 3539 conficienda
1185 3485 1414 3544 curabiS‚
1454 3484 1557 3536 tibi
1589 3485 1804 3553 parabis
1841 3484 1898 3537 in
1933 3485 2175 3538 futurum
2215 3501 2389 3539 usum.
2432 3488 2487 3537 et
2525 3483 2593 3537 ad
2630 3500 2747 3536 eum
2787 3483 3014 3550 diligen-

668 3556 753 3608 ter
788 3553 1043 3607 servabis,
1113 3553 1363 3606 Ceterum
1406 3552 1474 3605 cf.
1517 3551 1643 3604 Hor.
1672 3552 1845 3620 Epist.
1883 3550 1925 3610 I,
1958 3556 2034 3606 15.
2065 3557 2176 3607 109.
2212 3553 2470 3623 provisae.
2508 3553 2689 3617 frustis
2725 3553 2777 3602 in
2815 3569 3016 3602 nomme.

672 3620 866 3692 Copia.
903 3652 969 3660 —
1041 3619 1165 3680 168.
1219 3620 1275 3675 Si
1311 3621 1448 3673 satis
1483 3634 1737 3684 magnum
1774 3636 1836 3673 ex
1872 3635 2028 3687 opere
2066 3623 2121 3674 et
2164 3637 2220 3674 re
2256 3620 2459 3684 agresti
2508 3619 2721 3672 laudem
2765 3635 2920 3671 conse
2960 3619 3011 3672 ui

668 3689 836 3757 cupis.
872 3720 938 3728 —-
970 3687 1032 3740 si
1064 3695 1276 3742 manet
1309 3704 1429 3756 pro:
1476 3687 1521 3739 si
1558 3687 1665 3749 vis,
1712 3695 1773 3740 ut
1818 3689 1872 3739 te
1911 3692 2143 3742 maneat.
2215 3686 2334 3740 vid.
2390 3688 2554 3740 etiam
2602 3687 2668 3740 ad
2720 3688 2848 3739 Aen.
2887 3686 2936 3739 X
2971 3688 3011 3740 1.

667 3760 782 3810 568.
822 3788 887 3796 -
924 3756 1129 3821 aigyna
1157 3755 1415 3835 plor-ia,
1456 3770 1593 3823 quae
1641 3754 1743 3807 tibi
1782 3754 2011 3808 debetur
2053 3759 2273 3824 propter
2308 3755 2628 3808 industriam
2670 3759 2838 3808 tuam.
2881 3771 3014 3823 quae

667 3824 955 3893 respondet
1001 3822 1172 3876 labori
1215 3827 1328 3877 tu0.
1400 3822 1487 3876 Sic
1516 3823 1774 3892 praemia
1814 3823 1986 3887 diana
2021 3823 2151 3877 Aen.
2193 3824 2235 3877 Ι.
2261 3828 2379 3875 665.
2424 3822 2580 3876 ovid.
2620 3822 2767 3874 Fast.
2806 3821 2849 3873 I.
2879 3825 3011 3880 678..

655 3893 886 3960 fructus
923 3892 1121 3960 dimum
1164 3890 1226 3944 B.
1264 3890 1416 3944 Alex.
1456 3893 1563 3952 32..
1619 3907 1806 3960 poena
1843 3891 2017 3954 dimin
2063 3890 2195 3945 Sall.
2238 3891 2354 3944 Cat.
2394 3895 2485 3950 51.
2526 3893 2572 3943 ὃ.
2609 3893 2663 3942 et
2700 3889 2910 3942 similia.
2951 3922 3014 3928 —

669 3960 893 4012 divini
929 3960 1117 4011 ruris
1158 3959 1347 4026 Heyn..
1385 3974 1698 4027 comparans
1735 3957 1923 4011 Graec.
1965 3964 2134 4018 θεῖος,
2176 3960 2324 4019 δῖος.
2364 3957 2594 4026 explicat
2635 3975 2730 4026 per
2758 3960 3014 4026 praecla-

668 4045 796 4095 rvs-³5
833 4026 1033 4081 rectius
1058 4026 1432 4095 interpretaris
1469 4025 1533 4079 de
1569 4026 1710 4078 arvis
1745 4042 1777 4078 a
1812 4023 1916 4077 diis
1952 4027 2256 4093 agrestibus
2295 4043 2354 4078 ex
2396 4026 2543 4091 vulgi
2583 4025 2823 4093 opinione
2863 4024 3013 4078 habi-

670 4095 822 4155 tatis,
860 4093 948 4148 vel
983 4097 1126 4148 certe
1165 4095 1231 4147 iis
1265 4094 1437 4161 gratis
1475 4096 1531 4145 et
1564 4093 1814 4161 acceptis.
1886 4093 1967 4146 (ts.
2007 4110 2166 4162 supra
2193 4111 2241 4146 v.
2275 4098 2352 4146 lo.
2393 4095 2680 4160 Amas-mm
2727 4095 3016 4146 ›raesmvte‘a

672 4163 895 4216 manaim
929 4162 1118 4215 Fauni
1149 4167 1203 4215 et
1238 4161 1394 4215 modo
1436 4176 1484 4214 v,
1530 4164 1637 4213 163.
1665 4165 1719 4213 et
1750 4164 1863 4214 166.
1900 4166 2314 4215 commemorata
2349 4161 2557 4214 Cereris
2593 4164 2645 4214 et
2732 4161 2880 4214 acchi
2917 4179 3012 4215 nu-

670 4230 832 4284 mina.
902 4229 1076 4284 Aliter
1110 4229 1321 4294 Wagn..
1358 4229 1493 4282 haec
1527 4227 1816 4282 adnotans:
1873 4233 1972 4283 ..ut
2018 4229 2333 4298 philosopho
2368 4229 2659 4297 sapientia.
2696 4228 2888 4281 artifici
2927 4247 3015 4282 ars

675 4314 797 4360 sua,
838 4298 947 4352 alia
981 4297 1103 4351 aliis
1137 4296 1320 4350 divina
1356 4296 1607 4349 videntur
1643 4301 1699 4349 et
1736 4295 2006 4352 dicuntur.
2046 4298 2124 4351 ita
2159 4299 2224 4350 ei.
2263 4298 2353 4366 qui
2390 4305 2601 4365 praeter
2654 4300 2832 4349 cetera
2864 4301 3015 4350 amat

672 4382 782 4419 rem
821 4367 1095 4422 rusticam.
1134 4371 1291 4418 rus:“
1330 4380 1492 4433 quam
1530 4363 1930 4432 explicationem
1974 4370 2132 4417 erunt
2168 4367 2399 4418 fortasse
2435 4365 2522 4444 qui
2558 4371 2773 4417 nostrae
2810 4367 3014 4432 praefe-

675 4438 812 4486 rant.
882 4433 1092 4488 Peerlk.
1130 4450 1181 4502 p.
1227 4434 1338 4485 126.
1379 4434 1455 4500 [ct
1489 4448 1540 4499 p.
1565 4435 1700 4486 244..
1747 4432 1840 4484 ubi
1876 4448 1971 4500 per
2006 4448 2230 4487 errorem
2273 4437 2391 4485 tota.
2427 4450 2541 4486 eius
2578 4432 2874 4502 disputatio
2912 4433 3014 4486 ite-

673 4501 841 4566 rat-ur]
894 4501 1037 4554 hunc
1085 4517 1299 4555 versum
1339 4517 1364 4552 s
1403 4500 1581 4553 urium
1627 4505 1831 4560 censet.
1883 4515 2002 4554 cum
2046 4500 2305 4566 langueat
2348 4501 2621 4571 epitheton
2658 4501 2840 4554 divim?
2870 4503 3013 4554 tota-

676 4585 778 4638 que
812 4569 926 4623 eius
952 4568 1224 4623 Latinitas
1264 4567 1383 4638 disp
1410 4567 1573 4630 ’ceat;
1611 4568 1702 4622 sed
1738 4571 1884 4623 recte
1909 4585 2004 4637 pro
2032 4585 2091 4623 eo
2116 4569 2402 4623 intercedit
2425 4568 2683 4623 Ribbeck.
2712 4568 2922 4638 Proleg.
2961 4587 3011 4638 p.
