3616 5026
655 203 777 263 404
1357 198 1431 262 Ρ.
1471 194 1841 261 VERGILI
1889 196 2285 265 MARONIS

657 361 791 427 Aut
830 362 1090 462 Alphea
1132 364 1293 428 rotis
1336 359 1633 448 praelabi
1673 360 1945 427 flumina
1985 363 2180 429 Pisae
2892 378 2987 428 18⁰

655 445 747 511 Et
783 446 959 512 Iovis
1001 449 1070 513 in
1111 445 1257 510 luco
1302 466 1531 510 currus
1574 447 1827 530 agitare
1870 445 2184 511 volantis:

657 529 916 595 Primus
963 530 1112 618 equi
1153 526 1341 593 labor
1384 538 1499 611 est,
1545 532 1795 593 animos
1842 539 2035 616 atque
2075 551 2259 594 arma
2300 528 2522 595 videre

657 613 1023 679 Bellantum
1066 612 1387 700 lituosque
1431 614 1571 699 pati
1613 622 1952 698 tractuque
1994 625 2355 699 gementem

656 697 859 761 Ferre
901 707 1115 761 rotam
1155 703 1220 759 et
1262 694 1521 761 stabulo
1567 696 1783 760 frenos
1829 694 2057 760 audire
2103 698 2423 778 sonantis3

658 780 823 844 Tum
867 780 1077 864 magis
1122 788 1315 865 atque
1358 780 1569 865 magis
1608 778 1867 843 blandis
1912 777 2199 861 gaudere
2239 781 2535 864 magistri
2891 791 2987 842 185

656 861 992 928 Laudibus
1033 870 1097 926 et
1133 862 1402 948 plausae
1446 864 1721 927 sonitum
1766 864 2042 927 cervicis
2088 884 2325 928 amare.

654 946 716 1011 A
790 968 867 1010 ue
908 944 1034 1010 hac
1075 947 1208 1010 iam
1251 948 1465 1032 primo
1513 944 1822 1032 depulsus
1864 945 1949 1011 ab
1993 944 2195 1010 ubere
2237 946 2463 1011 matris

653 1028 757 1095 Au
806 1038 929 1112 eat,
970 1032 1168 1116 inque
1206 1033 1414 1095 vicem
1459 1027 1540 1093 de
1581 1027 1884 1094 mollibus
1927 1052 2044 1094 ora
2086 1031 2391 1117 capistris

652 1331 937 1384 masque,
975 1316 1030 1368 h.
1068 1332 1111 1370 e.
1147 1333 1306 1370 usum
1338 1315 1614 1376 bellicum,
1651 1323 1766 1370 aut
1848 1317 2142 1384 raelabz',
2179 1333 2223 1372 s.
2258 1314 2600 1385 praeterlabi,
2638 1315 2823 1381 rotis,
2859 1330 2990 1384 qua-

656 1380 932 1451 drigarum
958 1385 1265 1439 certamine.
1313 1384 1452 1453 [Vid.
1487 1383 1698 1438 adnott.
1842 1385 1973 1439 Ge0.
2009 1385 2053 1446 Ι,
2080 1388 2196 1438 305.
2235 1390 2290 1438 et
2320 1384 2394 1444 Π,
2419 1384 2520 1451 73]
2587 1382 2666 1436 De
2701 1383 2991 1436 certamine

657 1448 934 1519 Olympico
969 1468 1091 1505 eum
1124 1451 1270 1522 loqui
1309 1453 1445 1506 satis
1517 1452 1659 1514 atet,
1711 1453 1853 1521 quod
1896 1453 2204 1507 habebatur
2247 1452 2397 1505 iuxta
2432 1451 2724 1520 Alpheum„
2782 1449 2901 1503 vid.
2940 1465 2989 1502 v.

660 1521 738 1572 19.
784 1518 847 1572 In
889 1519 1010 1573 lueo
1049 1520 1191 1574 Iovis
1227 1525 1344 1574 erat
1384 1521 1472 1573 sta
1514 1520 1639 1582 nm,
1676 1525 1742 1573 ut
1777 1536 1838 1574 ex
1874 1520 2136 1574 Strabone
2174 1522 2231 1574 et
2264 1519 2532 1573 Pausania
2564 1520 2845 1588 apparet.“
2903 1517 2993 1571 Ita

657 1585 866 1655 Heyn.;
904 1587 999 1641 sed
1035 1588 1230 1642 rectius
1261 1587 1459 1640 Wuml.
1496 1587 1628 1640 haec
1661 1586 1916 1642 adnotat:
1958 1588 2096 1652 „Vix
2130 1587 2258 1641 ferri
2289 1591 2472 1655 potest
2505 1585 2709 1654 ellipsis
2744 1588 2995 1650 formare

812 1672 857 1708 ε.
928 1655 1080 1718 Vide,
1123 1672 1192 1709 an
1227 1655 1497 1724 Vergilius
1535 1654 1602 1708 ad
1639 1655 1871 1709 formam
1908 1656 2149 1709 studim
2186 1656 2439 1719 conferre
2475 1656 2556 1707 ad
2593 1654 2847 1708 audacius
2900 1669 2993 1706 no-

654 1719 864 1775 vaverit
896 1731 974 1776 est
1005 1723 1142 1776 mihi
1170 1725 1410 1776 studebam
1445 1724 1594 1790 ad‚·“
1640 1723 1724 1776 cui
1767 1738 1890 1776 cum
1925 1723 2137 1778 Ladew.
2175 1726 2231 1778 et
2267 1722 2513 1791 Coningt.
2551 1720 2839 1774 adsentior.
2910 1721 2992 1775 Si-

658 1789 772 1842 mili
807 1790 1014 1844 ratione
1051 1791 1213 1844 etiam
1251 1790 1421 1858 Bryce
1457 1788 1523 1845 de
1555 1789 1653 1844 illa
1688 1789 1862 1859 ellipsi
1908 1791 2163 1845 dubitans
2201 1795 2256 1845 et
2290 1790 2533 1858 cogitans
2568 1788 2635 1842 de
2668 1788 2991 1842 dictionibus

656 1859 851 1910 modus
886 1865 978 1924 est,
1015 1859 1230 1910 animm
1262 1868 1339 1911 est
1387 1874 1508 1912 cum
1543 1857 1699 1911 Infin.
1745 1875 1842 1927 pro
1878 1858 2137 1921 solemne,
2187 1858 2460 1920 volumus,
2511 1856 2750 1910 studium
2783 1865 2860 1908 est.
2935 1872 2993 1908 ro

647 1941 942 1995 properas,
983 1924 1237 1990 inclinas,
1278 1924 1364 1979 vel
1403 1926 1568 1979 etiam
1597 1943 1697 2004 pro
1729 1927 2010 1979 studiosus
2044 1944 2101 1979 es
2134 1926 2367 1994 positum
2403 1927 2600 1979 censet.
2651 1922 2856 1978 Peerlk.
2896 1873 2993 1976 ¹de-

655 1991 814 2114 gieqlue
856 2009 907 2060 p.
944 1996 1112 2114 245&
1141 1996 1205 2046 ut
1254 1993 1384 2073 baec
1433 1993 1796 2120 sapei-lgosibps
1844 1993 2219 2116 resppnqeant,
2274 1992 2638 2113 §criAbltlidunVi
2640 1995 2817 2112 (putat
2830 2075 2890 2112 m
2889 1990 2990 2111 1853

765 2079 785 2111 l
819 2079 910 2112 ma
1137 2062 1390 2114 Stadzunl.
1427 2093 1494 2100 ·-
1668 2102 1680 2113 .
1772 2078 1918 2114 ov28
1951 2080 2019 2114 sn
2083 2080 2202 2115 ποθ
2277 2077 2331 2114 nl
2491 2102 2502 2114 .
2681 2100 2693 2113 .
2728 2076 2791 2112 Su

653 2144 702 2181 v.
749 2132 825 2181 19.
864 2078 1143 2183 -qzVerba
1177 2147 1413 2183 currus
1446 2130 1709 2196 ayitare
1741 2129 2047 2183 volantes
2081 2101 2347 2183 iterabtur
2377 2129 2430 2181 in
2466 2127 2632 2181 Anth.
2661 2127 2780 2180 Lat.
2856 2142 2989 2179 urm.

654 2195 698 2256 1,
741 2198 853 2257 170,
893 2199 974 2248 12.
1012 2201 1068 2250 et
1106 2200 1216 2256 178,
1252 2201 1369 2251 407.
1412 2229 1478 2236 -
1516 2194 1624 2256 182
1650 2212 1767 2266 sqq.
1811 2197 1991 2258 „Ante
2027 2197 2204 2252 omnia
2238 2212 2404 2267 equus
2442 2194 2874 2249 assuefaciendus
2910 2198 2991 2247 est

656 2263 895 2333 (primus
932 2264 1062 2333 equi
1091 2265 1252 2318 labor
1283 2272 1381 2320 est)
1429 2265 1692 2331 videre,
1731 2266 1794 2318 ut
1831 2264 2028 2328 videat,
2070 2265 2248 2319 videre
2283 2263 2479 2318 toleret
2513 2261 2778 2318 bellantes
2816 2280 2858 2316 s.
2894 2278 2991 2331 pu—

654 2346 787 2398 gnas
825 2341 972 2398 (nam
1007 2333 1236 2396 animi,
1285 2336 1351 2385 ut
1385 2332 1523 2392 irae,
1561 2330 1765 2400 θυμός,
1803 2349 1900 2400 pro
1936 2349 2148 2401 pugna.
2198 2348 2333 2401 quae
2369 2333 2602 2385 animose
2635 2331 2725 2384 fit:
2772 2333 2828 2384 et
2861 2329 2914 2382 h.
2953 2329 2989 2381 l.

653 2398 819 2451 animi
853 2401 910 2452 et
954 2414 1105 2453 arma
1145 2399 1446 2453 bellantum
1490 2402 1620 2452 sunt
1662 2402 1853 2468 poetae
1899 2400 2001 2468 ipsi
2047 2416 2082 2468 p
2196 2402 2371 2453 antes)
2417 2401 2473 2452 et
2516 2397 2680 2450 lituos
2728 2398 2991 2465 tubasque

654 2465 838 2521 audire
872 2464 958 2535 [de
992 2483 1099 2535 qua
1132 2483 1189 2521 re
1222 2466 1376 2521 Voss.
1415 2465 1643 2521 conferri
1684 2467 1836 2520 iubet
1869 2466 2077 2521 Aelian.
2170 2507 2183 2520 .
2218 2466 2289 2520 Η.
2324 2466 2468 2525 XVI.
2510 2465 2629 2535 25.],
2665 2471 2762 2519 aut
2799 2464 2991 2534 strepi—

654 2537 770 2587 tum
807 2549 1059 2588 curruum
1094 2536 1361 2589 frenorum
1401 2551 1466 2588 ue
1500 2536 1711 2601 serre,
1765 2535 2001 2604 perferre
2044 2535 2291 2589 auribus:
2344 2542 2581 2601 rotam,
2633 2548 2850 2587 currum
2882 2551 2990 2601 ye-

653 2609 918 2655 mentem
969 2610 1210 2667 tractu,
1269 2552 1607 2661 stridentem,
1646 2602 1773 2656 dum
1810 2601 2065 2663 trahitur,
2106 2606 2164 2656 et
2195 2603 2252 2655 in
2284 2602 2550 2655 stabulo
2583 2603 2832 2670 frenos
2874 2619 2990 2652 au-

654 2668 802 2721 dire
834 2676 1157 2723 sonantes.
1196 2670 1276 2722 De
1311 2669 1411 2723 hoc
1446 2670 1553 2724 vid.
1590 2670 1741 2724 Varr.
1770 2669 1836 2724 R.
1856 2669 1919 2724 R.
1956 2670 2029 2731 II,
2056 2675 2101 2731 7,
2131 2673 2206 2724 12.
2244 2670 2440 2740 [ibique
2465 2668 2764 2723 Schneider.
2822 2668 2987 2736 Geop.

653 2734 796 2799 XVI,
838 2739 910 2797 1.;
951 2752 1036 2789 res
1071 2741 1254 2790 nota.“
1308 2737 1488 2805 Heyn.
1525 2767 1588 2776 —-
1629 2737 1937 2805 Tractus,
1988 2738 2055 2792 de
2090 2754 2273 2803 curru,
2358 2752 2480 2791 uem
2514 2736 2724 2790 trahere
2800 2736 2811 2747 '
2845 2742 2986 2791 eant,

654 2802 996 2871 capiendumz
1036 2810 1212 2857 tractu
1282 2813 1533 2858 ementem
1555 2807 1719 2884 serre
1754 2813 1936 2858 rotam
1976 2805 2013 2858 i.
2058 2822 2109 2874 q.
2148 2805 2218 2859 ad
2261 2821 2331 2860 au
2374 2805 2506 2857 'tum
2549 2803 2809 2872 gemitum
2846 2808 2990 2856 rota-

654 2886 773 2923 rum
822 2887 926 2923 non
978 2871 1194 2933 terreri,
1244 2822 1374 2925 dum
1424 2871 1662 2926 trahitur
1715 2888 1921 2926 currus,
2002 2872 2255 2927 Ceterum
2301 2873 2366 2926 cf.
2416 2871 2596 2926 Senec.
2646 2870 2859 2940 Hippol.
2909 2874 2986 2923 70.

653 2941 833 3003 fer-&tr
867 2937 1131 3008 plaustro
1172 2943 1389 3007 praeda
1431 2941 1680 3007 qemevzti,
1732 2944 1787 2993 et
1834 2956 2000 3009 supra
2042 2939 2111 2994 ad
2147 2955 2197 2994 v.
2239 2944 2351 2993 133.
2389 2939 2597 2992 adnott.
2634 2967 2701 2977 —
2764 2937 2871 2999 185
2908 2954 2986 3007 sq.

650 3006 866 3126 agabqis
898 3013 1095 3126 astque
1127 3008 1352 3074 mayis.
1391 3006 1514 3061 Vid.
1548 3008 1615 3062 ad
1651 3010 1785 3086 Aen:
1820 3007 2035 3088 112299.
2073 3038 2136 3087 ss
2175 3006 2449 3086 bland-is
2529 3007 2988 3128 aggeie--lgui

653 3091 725 3192 Β.ι
735 3090 1038 3195 (1ζῶὺοὶθέ
1066 3088 1311 3207 sffibfflll..
1337 3074 2859 3221 11θὲῙΤῙῩέἷῃὲἑέζῖἧὲῗῗιιῗξῗαὲιξΐ.παῗλοᾷιέμιὶαιιῗὶ·
2901 3082 2985 3194 gi.

653 3208 778 3261 Hor.
815 3208 913 3276 Ep.
951 3208 995 3267 Ι,
1026 3211 1074 3271 2,
1113 3214 1195 3263 64.
1232 3209 1427 3277 Είπῃὶι
1459 3228 1654 3279 equum
1695 3219 1933 3264 tenerum
1968 3210 2203 3265 docilem
2236 3227 2444 3263 cer-vace
2473 3216 2744 3277 mayn-ster.
2780 3239 2848 3247 -—-
2884 3207 2985 3261 Re-

652 3292 678 3328 s
716 3278 939 3330 exerunt
973 3275 1114 3329 hunc
1147 3275 1323 3330 locum
1359 3277 1522 3331 Silius
1556 3279 1701 3341 XVI,
1727 3283 1844 3332 357.
1879 3281 1980 3347 qui
2000 3278 2228 3333 cervicis
2250 3285 2462 3330 amaret
2482 3277 2803 3347 Applamae
2836 3276 2987 3329 blan-

695 3361 758 3396 οε
790 3343 1001 3396 sonitus
1052 3352 1108 3397 et
1152 3343 1253 3406 IV,
1291 3347 1407 3399 265.
1453 3346 1742 3399 stimulans
1779 3355 1942 3413 arato
1973 3347 2207 3416 plausae
2243 3345 2470 3399 cervicis
2505 3344 2708 3398 honore
2758 3346 2816 3397 et
2861 3359 2986 3405 „ex-

651 3410 849 3480 pressit
897 3412 1061 3465 verba
1104 3411 1318 3466 NemeS.
1356 3413 1559 3482 Cyneg.
1599 3419 1695 3467 295
1734 3429 1878 3482 sqq.:
1933 3422 2097 3483 atque
2143 3420 2333 3466 tauros
2376 3412 2629 3466 manibus
2665 3427 2988 3482 percurrere

650 3495 935 3547 equor-mn,
974 3477 1234 3533 Gaudeat
1272 3488 1333 3532 ut
1355 3481 1566 3550 plausu
1596 3481 1833 3551 sonipes,
1870 3480 2172 3549 laammpus
2214 3482 2419 3535 relaxet
2460 3479 2688 3549 Corpus.
2756 3478 2856 3531 Est
2888 3478 2985 3531 hoc

642 3544 750 3616 pal
789 3563 903 3613 are,
942 3548 1319 3609 ποππύζειν.“
1365 3548 1543 3616 Heyn.
1616 3550 1700 3603 Cf.
1736 3549 1872 3601 Aen.
1908 3548 2032 3612 XII,
2075 3551 2156 3602 85.
2193 3579 2259 3587 -
2299 3547 2420 3607 187.
2469 3547 2597 3601 iam
2622 3546 2841 3617 primo
2876 3549 2984 3598 ‹le-

646 3564 885 3684 pust
917 3614 996 3666 ab
1033 3616 1253 3677 ubere,
1331 3632 1412 3668 ro:
1488 3631 1614 3669 uam
1685 3617 1899 3676 timum,
1938 3616 2129 3671 statim
2163 3631 2227 3669 ac
2267 3614 2522 3685 depulsus
2558 3623 2657 3669 est.
2726 3613 2862 3667 Vide
2897 3630 2987 3666 su·

649 3696 748 3751 pra
780 3681 848 3735 ad
884 3696 935 3735 v.
963 3684 1075 3734 130.
1111 3681 1316 3736 Wake'.
1352 3681 1421 3735 ad
1503 3699 1613 3737 uer.
1682 3722 1694 3743 ‚
1722 3685 1840 3738 261.
1879 3696 2024 3749 (cum
2048 3684 2191 3737 Serv.
2214 3682 2429 3740 Dresd.)
2465 3699 2568 3736 non
2687 3683 2782 3735 'mo
2808 3682 2984 3746 ubere,

649 3748 742 3803 sed
777 3749 891 3801 iam
1008 3750 1104 3801 'mo
1139 3752 1343 3803 amicat
1384 3750 1574 3805 coniun
1620 3751 1630 3761 '
1677 3749 1875 3812 voluit,
1928 3753 2108 3806 minus
2144 3754 2287 3805 recte
2332 3751 2518 3815 (etiam
2678 3749 2764 3803 dio
2812 3748 2985 3802 iudice

647 3816 700 3869 in
737 3815 904 3871 Tur-se
954 3856 967 3868 .
1005 3816 1107 3870 111.
1195 3859 1206 3870 .
1247 3819 1342 3869 123
1381 3826 1504 3887 sq.).
1622 3820 1828 3872 eterum
1862 3819 1970 3873 vid.
2015 3818 2224 3873 adnott.
2266 3817 2335 3872 ad
2371 3818 2485 3872 Ecl.
2522 3818 2575 3879 1,
2613 3820 2695 3871 22.
2730 3849 2795 3856 -
2856 3814 2985 3875 188.

649 3887 913 3962 <luricae
945 3900 1042 3962 pro
1077 3833 1222 3963 vagg.
1257 3885 1458 3938 audiat
1493 3902 1554 3939 ex
1579 3886 1790 3948 Medic..
1832 3886 2027 3953 fragm.
2051 3885 2195 3947 vat„
2234 3885 2369 3943 Pal..
2406 3886 2558 3939 Rom.
2583 3885 2806 3953 aliisque
2829 3883 2982 3962 bonis

649 3950 800 4003 hbns
834 3950 1077 4004 restituit
1100 3951 1285 4005 Heius.
1357 3952 1603 4007 Positum
1640 3956 1726 4007 est
1761 3970 1859 4023 pro
1885 3956 2098 4023 faciat,
2137 3952 2231 4005 sed
2266 3953 2400 4023 pulli
2436 3952 2613 4007 timidi
2651 3958 2704 4006 et
2737 3954 2983 4020 paventis

651 4019 854 4072 ratione
899 4018 1103 4073 habita.
1172 4018 1384 4072 LadeW.
1434 4021 1637 4090 recepit
1682 4021 2043 4076 coniecturam
2090 4035 2239 4073 suam
2286 4020 2568 4089 Gaudeat,
2616 4018 2882 4089 prolatam
2926 4020 2979 4071 iu

646 4084 832 4152 Progr.
871 4084 1138 4140 Neostrel.
1180 4089 1324 4140 1853.
1344 4100 1398 4155 p:
1426 4091 1530 4150 20„
1569 4105 1704 4157 quae
1737 4092 1922 4143 tamen
1962 4102 2018 4155 (a
2052 4088 2245 4142 ceteris
2279 4088 2658 4143 recentioribus
2687 4086 2980 4140 editoribus

646 4153 760 4206 iure
795 4153 1078 4221 neglecta&
1116 4170 1182 4207 ne
1217 4170 1440 4222 urgeam
1475 4156 1730 4210 iteratum
1769 4155 1909 4210 illud
1941 4157 2184 4226 qaudere
2220 4164 2290 4222 (v.
2320 4159 2455 4215 185.)
2492 4184 2559 4196 -·
2583 4163 2838 4223 qauaeat,
2874 4155 2979 4207 iam

647 4236 741 4288 pro
778 4222 927 4298 terea
960 4221 1088 4275 ferri
1132 4238 1235 4275 non
1268 4226 1478 4342 ¹potest,
1525 4224 1651 4292 quia
1685 4238 1824 4291 quae
1860 4226 2184 4293 sequuntur,
2232 4223 2431 4278 collata
2465 4239 2584 4276 cum
2622 4238 2668 4277 v.
2711 4225 2804 4276 182
2841 4240 2868 4275 s
2905 4240 2977 4291 q.,

644 4302 739 4405 pro
781 4292 1055 4343 ciscuntur
1087 4289 1157 4344 ab
1197 4305 1266 4344 au
1305 4289 1421 4344 acia
1462 4291 1711 4359 quadam.
1748 4308 1853 4345 non
1891 4309 1925 4346 a
1956 4290 2171 4363 gaudio.
2241 4291 2325 4345 cf.
2362 4292 2525 4345 etiam
2546 4290 2734 4359 Wagn.
2772 4291 2825 4343 in
2940 4290 2978 4329 '-

665 4352 734 4407 ol.
769 4355 844 4408 Su
918 4354 956 4410 1.
999 4357 1043 4410 1.
1081 4374 1135 4427 p.
1173 4362 1270 4411 399
1306 4374 1333 4410 s
1373 4399 1384 4411 .
1419 4388 1484 4396 -—
1522 4358 1589 4411 in
1623 4359 1826 4412 vicem
1869 4360 1923 4421 qi.
1963 4377 2009 4415 e.
2047 4358 2262 4413 alterna
2297 4359 2433 4413 vice:
2471 4358 2538 4412 cf.
2577 4358 2703 4413 Geo,
2739 4357 2833 4420 IV,
2866 4360 2978 4412 166.

643 4422 774 4474 Aen.
928 4465 949 4501 ‚¹
979 4428 1094 4503 5⁰.²·
1130 4375 1459 4505 Tibull.qIV,
1494 4428 1539 4485 1,
1567 4429 1650 4481 93.
1687 4429 1812 4481 etc.)
1846 4426 1978 4482 haec
2014 4426 2348 4496 experienda,
2383 4427 2419 4479 i.
2458 4443 2500 4481 e.
2538 4426 2691 4480 modo
2727 4425 2976 4505 strepitu,

645 4487 798 4540 modo
836 4493 1086 4556 capistris
1128 4491 1570 4546 adsuefac1endus
1606 4509 1800 4562 equus.
1847 4495 2200 4550 invalidus
2236 4493 2428 4555 adhuc,
2466 4498 2752 4562 antequam
2790 4493 2979 4546 fortior

643 4552 820 4605 factus
857 4556 1177 4623 refragetur.
1246 4557 1528 4612 Schrader.
1565 4564 1765 4613 temere
1798 4564 1912 4615 tres
1946 4562 2227 4633 proposuit
2244 4563 2395 4626 coni„
2431 4561 2593 4630 inque
2617 4564 2776 4628 dm,
2812 4562 2974 4630 inque
