<?xml version="1.0" encoding="UTF-8"?>
<!DOCTYPE html PUBLIC "-//W3C//DTD XHTML 1.0 Transitional//EN"
    "http://www.w3.org/TR/xhtml1/DTD/xhtml1-transitional.dtd">
<html xmlns="http://www.w3.org/1999/xhtml" xml:lang="en" lang="en">
 <head>
  <title>
</title>
<meta http-equiv="Content-Type" content="text/html;charset=utf-8" />
  <meta name='ocr-system' content='tesseract 3.04.00' />
  <meta name='ocr-capabilities' content='ocr_page ocr_carea ocr_par ocr_line ocrx_word'/>
</head>
<body>
  <div class='ocr_page' id='page_1' title='image "./pvergilimaronis16virggoog_0067.png"; bbox 0 0 3616 5026; ppageno 0'>
   <div class='ocr_carea' id='block_1_1' title="bbox 1421 230 3038 301">
    <p class='ocr_par' dir='ltr' id='par_1_1' title="bbox 1421 230 3038 301">
     <span class='ocr_line' id='line_1_1' title="bbox 1421 230 3038 301; baseline -0.001 -5"><span class='ocrx_word' id='word_1_1' title='bbox 1421 230 1892 300; x_wconf 81' lang='lat' dir='ltr'><strong>BUOOLICA.</strong></span> <span class='ocrx_word' id='word_1_2' title='bbox 1968 231 2164 301; x_wconf 85' lang='lat' dir='ltr'><strong>ECL.</strong></span> <span class='ocrx_word' id='word_1_3' title='bbox 2207 231 2318 299; x_wconf 89' lang='grc' dir='ltr'><strong>ΠΙ.</strong></span> <span class='ocrx_word' id='word_1_4' title='bbox 2961 238 3038 295; x_wconf 85' lang='grc'><strong>57</strong></span> 
     </span>
    </p>
   </div>
   <div class='ocr_carea' id='block_1_2' title="bbox 707 397 2567 488">
    <p class='ocr_par' dir='ltr' id='par_1_2' title="bbox 707 397 2567 488">
     <span class='ocr_line' id='line_1_2' title="bbox 707 397 2567 488; baseline 0 -25"><span class='ocrx_word' id='word_1_5' title='bbox 707 398 845 463; x_wconf 89' lang='lat' dir='ltr'><strong>Iam</strong></span> <span class='ocrx_word' id='word_1_6' title='bbox 888 421 1089 466; x_wconf 90' lang='lat' dir='ltr'><strong>cornu</strong></span> <span class='ocrx_word' id='word_1_7' title='bbox 1130 408 1310 488; x_wconf 85' lang='lat' dir='ltr'><strong>petat</strong></span> <span class='ocrx_word' id='word_1_8' title='bbox 1351 409 1417 464; x_wconf 92' lang='lat' dir='ltr'><strong>et</strong></span> <span class='ocrx_word' id='word_1_9' title='bbox 1454 397 1730 486; x_wconf 86' lang='lat' dir='ltr'><strong>pedibus</strong></span> <span class='ocrx_word' id='word_1_10' title='bbox 1775 401 1886 488; x_wconf 89' lang='lat' dir='ltr'><strong>qui</strong></span> <span class='ocrx_word' id='word_1_11' title='bbox 1929 410 2200 488; x_wconf 85' lang='lat' dir='ltr'><strong>spargat</strong></span> <span class='ocrx_word' id='word_1_12' title='bbox 2239 400 2567 467; x_wconf 79' lang='lat' dir='ltr'><strong>harenam.</strong></span> 
     </span>
    </p>
   </div>
   <div class='ocr_carea' id='block_1_3' title="bbox 1643 534 2105 584">
    <p class='ocr_par' dir='ltr' id='par_1_3' title="bbox 1643 534 2105 584">
     <span class='ocr_line' id='line_1_3' title="bbox 1643 534 2105 584; baseline -0.002 -1"><span class='ocrx_word' id='word_1_13' title='bbox 1643 534 2105 584; x_wconf 75' lang='lat' dir='ltr'><strong>DAMOETAS.</strong></span> 
     </span>
    </p>
   </div>
   <div class='ocr_carea' id='block_1_4' title="bbox 707 612 2638 786">
    <p class='ocr_par' dir='ltr' id='par_1_4' title="bbox 707 612 2638 786">
     <span class='ocr_line' id='line_1_4' title="bbox 708 612 2638 707; baseline 0.002 -29"><span class='ocrx_word' id='word_1_14' title='bbox 708 612 835 692; x_wconf 80' lang='lat' dir='ltr'><strong>Qui</strong></span> <span class='ocrx_word' id='word_1_15' title='bbox 880 623 960 687; x_wconf 86' lang='lat' dir='ltr'><strong>te,</strong></span> <span class='ocrx_word' id='word_1_16' title='bbox 1001 614 1208 681; x_wconf 91' lang='lat' dir='ltr'><strong>Pollio</strong></span> <span class='ocrx_word' id='word_1_17' title='bbox 1274 626 1467 697; x_wconf 84' lang='lat' dir='ltr'><strong>amat,</strong></span> <span class='ocrx_word' id='word_1_18' title='bbox 1508 617 1747 693; x_wconf 84' lang='lat' dir='ltr'><strong>veniat,</strong></span> <span class='ocrx_word' id='word_1_19' title='bbox 1793 638 1920 704; x_wconf 92' lang='lat' dir='ltr'><strong>quo</strong></span> <span class='ocrx_word' id='word_1_20' title='bbox 1964 626 2027 680; x_wconf 88' lang='lat' dir='ltr'><strong>tc</strong></span> <span class='ocrx_word' id='word_1_21' title='bbox 2068 640 2320 707; x_wconf 91' lang='lat' dir='ltr'><strong>quoque</strong></span> <span class='ocrx_word' id='word_1_22' title='bbox 2364 616 2638 704; x_wconf 83' lang='lat' dir='ltr'><strong>gaudet3</strong></span> 
     </span>
     <span class='ocr_line' id='line_1_5' title="bbox 707 665 2473 786; baseline 0.002 -25"><span class='ocrx_word' id='word_1_23' title='bbox 707 695 902 762; x_wconf 86' lang='lat' dir='ltr'><strong>Mella</strong></span> <span class='ocrx_word' id='word_1_24' title='bbox 943 696 1150 765; x_wconf 87' lang='lat' dir='ltr'><strong>fluant</strong></span> <span class='ocrx_word' id='word_1_25' title='bbox 1187 665 1301 782; x_wconf 78' lang='lat' dir='ltr'><strong>iili,</strong></span> <span class='ocrx_word' id='word_1_26' title='bbox 1340 701 1510 766; x_wconf 89' lang='lat' dir='ltr'><strong>ferat</strong></span> <span class='ocrx_word' id='word_1_27' title='bbox 1551 710 1615 766; x_wconf 91' lang='lat' dir='ltr'><strong>et</strong></span> <span class='ocrx_word' id='word_1_28' title='bbox 1653 699 1854 766; x_wconf 90' lang='lat' dir='ltr'><strong>rubus</strong></span> <span class='ocrx_word' id='word_1_29' title='bbox 1897 722 2091 786; x_wconf 81' lang='lat' dir='ltr'>asper</span> <span class='ocrx_word' id='word_1_30' title='bbox 2132 724 2473 768; x_wconf 78' lang='lat' dir='ltr'><strong>amomum.</strong></span> 
     </span>
    </p>
   </div>
   <div class='ocr_carea' id='block_1_5' title="bbox 734 868 1123 877">
    <p class='ocr_par' dir='ltr' id='par_1_5' title="bbox 734 868 1123 877">
     <span class='ocr_line' id='line_1_6' title="bbox 734 868 1123 877; baseline 0 4149"><span class='ocrx_word' id='word_1_31' title='bbox 734 868 1123 877; x_wconf 95' lang='lat' dir='ltr'><strong> </strong></span> 
     </span>
    </p>
   </div>
   <div class='ocr_carea' id='block_1_6' title="bbox 666 963 3058 4699">
    <p class='ocr_par' dir='ltr' id='par_1_6' title="bbox 704 963 3052 2460">
     <span class='ocr_line' id='line_1_7' title="bbox 706 963 3035 1036; baseline 0 -20"><span class='ocrx_word' id='word_1_32' title='bbox 706 963 749 1026; x_wconf 87' lang='grc' dir='ltr'><strong>Ι,</strong></span> <span class='ocrx_word' id='word_1_33' title='bbox 780 967 858 1016; x_wconf 88' lang='grc'><strong>1-1.</strong></span> <span class='ocrx_word' id='word_1_34' title='bbox 899 965 1052 1029; x_wconf 62' lang='lat' dir='ltr'><strong>extr„</strong></span> <span class='ocrx_word' id='word_1_35' title='bbox 1086 966 1178 1019; x_wconf 93' lang='lat' dir='ltr'><strong>ubi</strong></span> <span class='ocrx_word' id='word_1_36' title='bbox 1252 971 1420 1023; x_wconf 72' lang='lat' dir='ltr'><strong>oe‘ima.</strong></span> <span class='ocrx_word' id='word_1_37' title='bbox 1459 967 1810 1035; x_wconf 60' lang='lat' dir='ltr'><strong>epzssaetramma.</strong></span> <span class='ocrx_word' id='word_1_38' title='bbox 1848 985 2051 1023; x_wconf 71' lang='lat' dir='ltr'><strong>vers-ets.</strong></span> <span class='ocrx_word' id='word_1_39' title='bbox 2082 968 2383 1021; x_wconf 68' lang='lat' dir='ltr'><strong>oratioiwm</strong></span> <span class='ocrx_word' id='word_1_40' title='bbox 2399 969 2617 1036; x_wconf 81' lang='lat' dir='ltr'><strong>facere,</strong></span> <span class='ocrx_word' id='word_1_41' title='bbox 2646 968 2700 1018; x_wconf 85' lang='lat' dir='ltr'><strong>et</strong></span> <span class='ocrx_word' id='word_1_42' title='bbox 2725 965 2842 1018; x_wconf 89' lang='lat' dir='ltr'><strong>Ter.</strong></span> <span class='ocrx_word' id='word_1_43' title='bbox 2867 964 3035 1018; x_wconf 84' lang='lat' dir='ltr'><strong>Andr.</strong></span> 
     </span>
     <span class='ocr_line' id='line_1_8' title="bbox 707 1030 3032 1105; baseline 0.001 -22"><span class='ocrx_word' id='word_1_44' title='bbox 707 1030 840 1099; x_wconf 87' lang='lat' dir='ltr'><strong>prol.</strong></span> <span class='ocrx_word' id='word_1_45' title='bbox 880 1034 946 1090; x_wconf 84' lang='lat'><strong>3..</strong></span> <span class='ocrx_word' id='word_1_46' title='bbox 983 1033 1076 1086; x_wconf 88' lang='lat' dir='ltr'><strong>ubi</strong></span> <span class='ocrx_word' id='word_1_47' title='bbox 1100 1035 1179 1103; x_wconf 82' lang='lat' dir='ltr'><strong>sa</strong></span> <span class='ocrx_word' id='word_1_48' title='bbox 1218 1035 1339 1088; x_wconf 61' lang='lat' dir='ltr'><strong>ulan</strong></span> <span class='ocrx_word' id='word_1_49' title='bbox 1364 1039 1569 1099; x_wconf 78' lang='lat' dir='ltr'><strong>fac-ere</strong></span> <span class='ocrx_word' id='word_1_50' title='bbox 1608 1035 1825 1098; x_wconf 63' lang='lat' dir='ltr'><strong>legitur.</strong></span> <span class='ocrx_word' id='word_1_51' title='bbox 1897 1036 2066 1090; x_wconf 85' lang='lat' dir='ltr'><strong>Simili</strong></span> <span class='ocrx_word' id='word_1_52' title='bbox 2107 1036 2312 1090; x_wconf 86' lang='lat' dir='ltr'><strong>ratione</strong></span> <span class='ocrx_word' id='word_1_53' title='bbox 2355 1036 2494 1105; x_wconf 85' lang='lat' dir='ltr'><strong>apud</strong></span> <span class='ocrx_word' id='word_1_54' title='bbox 2532 1035 2712 1088; x_wconf 88' lang='lat' dir='ltr'><strong>Plaut.</strong></span> <span class='ocrx_word' id='word_1_55' title='bbox 2751 1032 2899 1085; x_wconf 82' lang='lat' dir='ltr'><strong>Asin.</strong></span> <span class='ocrx_word' id='word_1_56' title='bbox 2940 1032 3032 1086; x_wconf 79' lang='lat' dir='ltr'><strong>IV.</strong></span> 
     </span>
     <span class='ocr_line' id='line_1_9' title="bbox 712 1099 3037 1169; baseline 0 -19"><span class='ocrx_word' id='word_1_57' title='bbox 712 1101 755 1159; x_wconf 80' lang='lat'><strong>1,</strong></span> <span class='ocrx_word' id='word_1_58' title='bbox 801 1101 884 1152; x_wconf 87' lang='grc'><strong>22.</strong></span> <span class='ocrx_word' id='word_1_59' title='bbox 931 1102 987 1153; x_wconf 87' lang='lat' dir='ltr'><strong>et</strong></span> <span class='ocrx_word' id='word_1_60' title='bbox 1031 1101 1226 1155; x_wconf 86' lang='lat' dir='ltr'><strong>lustin.</strong></span> <span class='ocrx_word' id='word_1_61' title='bbox 1274 1101 1497 1161; x_wconf 84' lang='lat' dir='ltr'>XXVII,</span> <span class='ocrx_word' id='word_1_62' title='bbox 1542 1105 1589 1163; x_wconf 77' lang='grc'><strong>2,</strong></span> <span class='ocrx_word' id='word_1_63' title='bbox 1636 1106 1685 1153; x_wconf 88' lang='grc'><strong>6.</strong></span> <span class='ocrx_word' id='word_1_64' title='bbox 1737 1104 1927 1156; x_wconf 59' lang='lat' dir='ltr'><strong>literas</strong></span> <span class='ocrx_word' id='word_1_65' title='bbox 1971 1109 2181 1169; x_wconf 67' lang='lat' dir='ltr'><strong>faeere.</strong></span> <span class='ocrx_word' id='word_1_66' title='bbox 2259 1103 2380 1157; x_wconf 87' lang='lat' dir='ltr'><strong>Vid.</strong></span> <span class='ocrx_word' id='word_1_67' title='bbox 2438 1104 2602 1157; x_wconf 86' lang='lat' dir='ltr'><strong>etiam</strong></span> <span class='ocrx_word' id='word_1_68' title='bbox 2645 1100 2876 1154; x_wconf 84' lang='lat' dir='ltr'><strong>Ernestii</strong></span> <span class='ocrx_word' id='word_1_69' title='bbox 2912 1099 3037 1152; x_wconf 83' lang='lat' dir='ltr'><strong>Lex.</strong></span> 
     </span>
     <span class='ocr_line' id='line_1_10' title="bbox 707 1166 3041 1238; baseline 0 -18"><span class='ocrx_word' id='word_1_70' title='bbox 707 1166 939 1221; x_wconf 85' lang='lat' dir='ltr'><strong>technol.</strong></span> <span class='ocrx_word' id='word_1_71' title='bbox 978 1171 1080 1221; x_wconf 89' lang='lat' dir='ltr'><strong>etc.</strong></span> <span class='ocrx_word' id='word_1_72' title='bbox 1130 1187 1182 1238; x_wconf 91' lang='lat' dir='ltr'><strong>p.</strong></span> <span class='ocrx_word' id='word_1_73' title='bbox 1226 1173 1335 1222; x_wconf 84' lang='grc'><strong>164.</strong></span> <span class='ocrx_word' id='word_1_74' title='bbox 1374 1200 1436 1207; x_wconf 94' lang='lat'><strong>—-</strong></span> <span class='ocrx_word' id='word_1_75' title='bbox 1474 1186 1641 1222; x_wconf 79' lang='lat' dir='ltr'><strong>nova</strong></span> <span class='ocrx_word' id='word_1_76' title='bbox 1687 1172 1987 1225; x_wconf 73' lang='lat' dir='ltr'><strong>earmina</strong></span> <span class='ocrx_word' id='word_1_77' title='bbox 2030 1171 2322 1226; x_wconf 78' lang='lat' dir='ltr'><strong>rectissime</strong></span> <span class='ocrx_word' id='word_1_78' title='bbox 2369 1171 2540 1238; x_wconf 68' lang='lat' dir='ltr'><strong>Heyn.</strong></span> <span class='ocrx_word' id='word_1_79' title='bbox 2590 1169 2842 1237; x_wconf 82' lang='lat' dir='ltr'><strong>explicat:</strong></span> <span class='ocrx_word' id='word_1_80' title='bbox 2889 1183 3041 1237; x_wconf 89' lang='lat' dir='ltr'><strong>prae-</strong></span> 
     </span>
     <span class='ocr_line' id='line_1_11' title="bbox 707 1234 3047 1315; baseline -0.001 -28"><span class='ocrx_word' id='word_1_81' title='bbox 707 1234 867 1297; x_wconf 84' lang='lat' dir='ltr'><strong>clara,</strong></span> <span class='ocrx_word' id='word_1_82' title='bbox 906 1235 1088 1304; x_wconf 88' lang='lat' dir='ltr'><strong>qualia</strong></span> <span class='ocrx_word' id='word_1_83' title='bbox 1126 1253 1416 1304; x_wconf 84' lang='lat' dir='ltr'><strong>numquam</strong></span> <span class='ocrx_word' id='word_1_84' title='bbox 1451 1241 1612 1291; x_wconf 87' lang='lat' dir='ltr'><strong>antea</strong></span> <span class='ocrx_word' id='word_1_85' title='bbox 1642 1238 1803 1295; x_wconf 80' lang='lat' dir='ltr'><strong>facta.</strong></span> <span class='ocrx_word' id='word_1_86' title='bbox 1843 1255 2155 1307; x_wconf 83' lang='lat' dir='ltr'><strong>comparans</strong></span> <span class='ocrx_word' id='word_1_87' title='bbox 2179 1239 2307 1291; x_wconf 83' lang='lat' dir='ltr'><strong>Hor.</strong></span> <span class='ocrx_word' id='word_1_88' title='bbox 2336 1238 2436 1293; x_wconf 90' lang='lat' dir='ltr'><strong>Od.</strong></span> <span class='ocrx_word' id='word_1_89' title='bbox 2462 1240 2506 1297; x_wconf 89' lang='lat'><strong>1.</strong></span> <span class='ocrx_word' id='word_1_90' title='bbox 2529 1241 2610 1291; x_wconf 86' lang='grc'><strong>26.</strong></span> <span class='ocrx_word' id='word_1_91' title='bbox 2647 1241 2742 1293; x_wconf 86' lang='grc'><strong>10..</strong></span> <span class='ocrx_word' id='word_1_92' title='bbox 2784 1235 2873 1289; x_wconf 87' lang='lat' dir='ltr'><strong>ubi</strong></span> <span class='ocrx_word' id='word_1_93' title='bbox 2898 1238 3047 1315; x_wconf 52' lang='lat' dir='ltr'><strong>fides</strong></span> 
     </span>
     <span class='ocr_line' id='line_1_12' title="bbox 704 1302 3042 1372; baseline 0 -17"><span class='ocrx_word' id='word_1_94' title='bbox 704 1319 877 1355; x_wconf 67' lang='lat' dir='ltr'><strong>novae</strong></span> <span class='ocrx_word' id='word_1_95' title='bbox 915 1320 949 1356; x_wconf 86' lang='lat' dir='ltr'><strong>a</strong></span> <span class='ocrx_word' id='word_1_96' title='bbox 986 1304 1194 1359; x_wconf 88' lang='lat' dir='ltr'><strong>nemine</strong></span> <span class='ocrx_word' id='word_1_97' title='bbox 1229 1306 1354 1358; x_wconf 86' lang='lat' dir='ltr'><strong>ante</strong></span> <span class='ocrx_word' id='word_1_98' title='bbox 1380 1303 1627 1372; x_wconf 80' lang='lat' dir='ltr'><strong>pulsatae</strong></span> <span class='ocrx_word' id='word_1_99' title='bbox 1662 1306 2018 1362; x_wconf 80' lang='lat' dir='ltr'><strong>inveniuntur.</strong></span> <span class='ocrx_word' id='word_1_100' title='bbox 2071 1308 2289 1359; x_wconf 62' lang='lat' dir='ltr'><strong>Novem</strong></span> <span class='ocrx_word' id='word_1_101' title='bbox 2315 1307 2453 1360; x_wconf 85' lang='lat' dir='ltr'><strong>enim</strong></span> <span class='ocrx_word' id='word_1_102' title='bbox 2491 1305 2808 1358; x_wconf 84' lang='lat' dir='ltr'><strong>inusitatum</strong></span> <span class='ocrx_word' id='word_1_103' title='bbox 2839 1302 3042 1369; x_wconf 78' lang='lat' dir='ltr'><strong>aliquid</strong></span> 
     </span>
     <span class='ocr_line' id='line_1_13' title="bbox 708 1370 3045 1441; baseline 0 -17"><span class='ocrx_word' id='word_1_104' title='bbox 708 1376 763 1424; x_wconf 88' lang='lat' dir='ltr'><strong>et</strong></span> <span class='ocrx_word' id='word_1_105' title='bbox 796 1370 1028 1424; x_wconf 83' lang='lat' dir='ltr'><strong>insolens</strong></span> <span class='ocrx_word' id='word_1_106' title='bbox 1066 1371 1287 1440; x_wconf 87' lang='lat' dir='ltr'><strong>ideoque</strong></span> <span class='ocrx_word' id='word_1_107' title='bbox 1321 1372 1693 1426; x_wconf 88' lang='lat' dir='ltr'><strong>admirandum</strong></span> <span class='ocrx_word' id='word_1_108' title='bbox 1734 1374 2059 1436; x_wconf 61' lang='lat' dir='ltr'><strong>significare.</strong></span> <span class='ocrx_word' id='word_1_109' title='bbox 2109 1376 2244 1430; x_wconf 84' lang='lat' dir='ltr'><strong>satis</strong></span> <span class='ocrx_word' id='word_1_110' title='bbox 2287 1377 2518 1428; x_wconf 86' lang='lat' dir='ltr'><strong>constat.</strong></span> <span class='ocrx_word' id='word_1_111' title='bbox 2593 1373 2696 1433; x_wconf 83' lang='lat' dir='ltr'><strong>(Cf.</strong></span> <span class='ocrx_word' id='word_1_112' title='bbox 2746 1388 2877 1441; x_wconf 89' lang='lat' dir='ltr'><strong>quos</strong></span> <span class='ocrx_word' id='word_1_113' title='bbox 2928 1370 3045 1424; x_wconf 89' lang='lat' dir='ltr'><strong>lau-</strong></span> 
     </span>
     <span class='ocr_line' id='line_1_14' title="bbox 709 1437 3044 1512; baseline -0 -20"><span class='ocrx_word' id='word_1_114' title='bbox 709 1438 803 1492; x_wconf 88' lang='lat' dir='ltr'><strong>dat</strong></span> <span class='ocrx_word' id='word_1_115' title='bbox 838 1438 1008 1492; x_wconf 82' lang='lat' dir='ltr'><strong>Kritz.</strong></span> <span class='ocrx_word' id='word_1_116' title='bbox 1048 1437 1117 1493; x_wconf 86' lang='lat' dir='ltr'><strong>ad</strong></span> <span class='ocrx_word' id='word_1_117' title='bbox 1157 1439 1287 1494; x_wconf 87' lang='lat' dir='ltr'><strong>Sall.</strong></span> <span class='ocrx_word' id='word_1_118' title='bbox 1330 1439 1449 1493; x_wconf 87' lang='lat' dir='ltr'><strong>Cat.</strong></span> <span class='ocrx_word' id='word_1_119' title='bbox 1490 1445 1572 1501; x_wconf 79' lang='grc'><strong>51,</strong></span> <span class='ocrx_word' id='word_1_120' title='bbox 1611 1443 1683 1495; x_wconf 82' lang='grc'><strong>8.)</strong></span> <span class='ocrx_word' id='word_1_121' title='bbox 1754 1443 1931 1496; x_wconf 88' lang='lat' dir='ltr'><strong>Minus</strong></span> <span class='ocrx_word' id='word_1_122' title='bbox 1975 1443 2325 1512; x_wconf 76' lang='lat' dir='ltr'><strong>probabiliter</strong></span> <span class='ocrx_word' id='word_1_123' title='bbox 2365 1443 2518 1495; x_wconf 54' lang='lat' dir='ltr'><strong>Voss</strong></span> <span class='ocrx_word' id='word_1_124' title='bbox 2571 1443 2625 1493; x_wconf 82' lang='lat' dir='ltr'><strong>et</strong></span> <span class='ocrx_word' id='word_1_125' title='bbox 2662 1439 2850 1493; x_wconf 82' lang='lat' dir='ltr'><strong>Wund.</strong></span> <span class='ocrx_word' id='word_1_126' title='bbox 2901 1458 3044 1493; x_wconf 73' lang='lat' dir='ltr'><strong>nov-a</strong></span> 
     </span>
     <span class='ocr_line' id='line_1_15' title="bbox 707 1506 3046 1579; baseline 0 -20"><span class='ocrx_word' id='word_1_127' title='bbox 707 1507 945 1560; x_wconf 86' lang='lat' dir='ltr'><strong>carmina</strong></span> <span class='ocrx_word' id='word_1_128' title='bbox 975 1507 1063 1561; x_wconf 89' lang='lat' dir='ltr'><strong>hic</strong></span> <span class='ocrx_word' id='word_1_129' title='bbox 1100 1523 1164 1561; x_wconf 89' lang='lat' dir='ltr'><strong>ea</strong></span> <span class='ocrx_word' id='word_1_130' title='bbox 1200 1524 1313 1562; x_wconf 86' lang='lat' dir='ltr'><strong>esse</strong></span> <span class='ocrx_word' id='word_1_131' title='bbox 1352 1510 1586 1567; x_wconf 83' lang='lat' dir='ltr'><strong>censent.</strong></span> <span class='ocrx_word' id='word_1_132' title='bbox 1629 1510 1823 1579; x_wconf 86' lang='lat' dir='ltr'><strong>quibus</strong></span> <span class='ocrx_word' id='word_1_133' title='bbox 1856 1528 1942 1565; x_wconf 86' lang='lat' dir='ltr'><strong>res</strong></span> <span class='ocrx_word' id='word_1_134' title='bbox 1976 1527 2143 1565; x_wconf 82' lang='lat' dir='ltr'><strong>novae</strong></span> <span class='ocrx_word' id='word_1_135' title='bbox 2176 1514 2506 1569; x_wconf 69' lang='lat' dir='ltr'><strong>tractentur-3</strong></span> <span class='ocrx_word' id='word_1_136' title='bbox 2549 1509 2732 1561; x_wconf 79' lang='lat' dir='ltr'><strong>Burin.</strong></span> <span class='ocrx_word' id='word_1_137' title='bbox 2761 1510 2941 1562; x_wconf 89' lang='lat' dir='ltr'><strong>autem</strong></span> <span class='ocrx_word' id='word_1_138' title='bbox 2981 1506 3046 1560; x_wconf 85' lang='lat' dir='ltr'><strong>de</strong></span> 
     </span>
     <span class='ocr_line' id='line_1_16' title="bbox 708 1574 3042 1645; baseline 0.002 -18"><span class='ocrx_word' id='word_1_139' title='bbox 708 1574 930 1628; x_wconf 85' lang='lat' dir='ltr'><strong>heroicis</strong></span> <span class='ocrx_word' id='word_1_140' title='bbox 976 1593 1020 1628; x_wconf 91' lang='lat' dir='ltr'><strong>s.</strong></span> <span class='ocrx_word' id='word_1_141' title='bbox 1055 1575 1218 1644; x_wconf 82' lang='lat' dir='ltr'><strong>epicis</strong></span> <span class='ocrx_word' id='word_1_142' title='bbox 1261 1576 1587 1630; x_wconf 80' lang='lat' dir='ltr'><strong>carminibus</strong></span> <span class='ocrx_word' id='word_1_143' title='bbox 1638 1579 1865 1643; x_wconf 60' lang='lat' dir='ltr'><strong>cogitat.</strong></span> <span class='ocrx_word' id='word_1_144' title='bbox 1912 1595 2031 1632; x_wconf 90' lang='lat' dir='ltr'><strong>cum</strong></span> <span class='ocrx_word' id='word_1_145' title='bbox 2075 1580 2248 1633; x_wconf 78' lang='lat' dir='ltr'><strong>Acron</strong></span> <span class='ocrx_word' id='word_1_146' title='bbox 2295 1577 2364 1633; x_wconf 87' lang='lat' dir='ltr'><strong>ad</strong></span> <span class='ocrx_word' id='word_1_147' title='bbox 2401 1579 2527 1631; x_wconf 80' lang='lat' dir='ltr'><strong>Hor.</strong></span> <span class='ocrx_word' id='word_1_148' title='bbox 2567 1576 2735 1645; x_wconf 79' lang='lat' dir='ltr'><strong>Epist.</strong></span> <span class='ocrx_word' id='word_1_149' title='bbox 2774 1576 2817 1631; x_wconf 91' lang='lat'><strong>1.</strong></span> <span class='ocrx_word' id='word_1_150' title='bbox 2855 1580 2903 1628; x_wconf 89' lang='grc'><strong>3.</strong></span> <span class='ocrx_word' id='word_1_151' title='bbox 2941 1576 3042 1629; x_wconf 81' lang='lat' dir='ltr'><strong>ult.</strong></span> 
     </span>
     <span class='ocr_line' id='line_1_17' title="bbox 707 1642 3046 1714; baseline -0.001 -19"><span class='ocrx_word' id='word_1_152' title='bbox 707 1643 943 1711; x_wconf 70' lang='lat' dir='ltr'><strong>Lyricos</strong></span> <span class='ocrx_word' id='word_1_153' title='bbox 976 1642 1221 1707; x_wconf 75' lang='lat' dir='ltr'><strong>vitulam,</strong></span> <span class='ocrx_word' id='word_1_154' title='bbox 1260 1643 1529 1710; x_wconf 66' lang='lat' dir='ltr'><strong>Trayiooe</strong></span> <span class='ocrx_word' id='word_1_155' title='bbox 1560 1646 1795 1703; x_wconf 70' lang='lat' dir='ltr'><strong>hircum.</strong></span> <span class='ocrx_word' id='word_1_156' title='bbox 1843 1648 1988 1700; x_wconf 61' lang='lat' dir='ltr'><strong>alios</strong></span> <span class='ocrx_word' id='word_1_157' title='bbox 2024 1648 2078 1711; x_wconf 90' lang='lat' dir='ltr'><strong>(i.</strong></span> <span class='ocrx_word' id='word_1_158' title='bbox 2118 1664 2162 1700; x_wconf 91' lang='lat' dir='ltr'><strong>e.</strong></span> <span class='ocrx_word' id='word_1_159' title='bbox 2200 1647 2410 1714; x_wconf 68' lang='lat' dir='ltr'><strong>Epicosi</strong></span> <span class='ocrx_word' id='word_1_160' title='bbox 2451 1649 2644 1714; x_wconf 62' lang='lat' dir='ltr'><strong>poetas</strong></span> <span class='ocrx_word' id='word_1_161' title='bbox 2687 1652 2905 1696; x_wconf 73' lang='lat' dir='ltr'><strong>taurum</strong></span> <span class='ocrx_word' id='word_1_162' title='bbox 2949 1644 3046 1696; x_wconf 81' lang='lat' dir='ltr'><strong>im-</strong></span> 
     </span>
     <span class='ocr_line' id='line_1_18' title="bbox 706 1709 3047 1782; baseline 0 -20"><span class='ocrx_word' id='word_1_163' title='bbox 706 1711 939 1763; x_wconf 76' lang='lat' dir='ltr'><strong>molasse</strong></span> <span class='ocrx_word' id='word_1_164' title='bbox 971 1714 1179 1765; x_wconf 85' lang='lat' dir='ltr'><strong>narret:</strong></span> <span class='ocrx_word' id='word_1_165' title='bbox 1227 1714 1328 1773; x_wconf 84' lang='lat' dir='ltr'><strong>„ut</strong></span> <span class='ocrx_word' id='word_1_166' title='bbox 1365 1712 1535 1775; x_wconf 61' lang='lat' dir='ltr'><strong>igitur</strong></span> <span class='ocrx_word' id='word_1_167' title='bbox 1568 1713 1741 1767; x_wconf 89' lang='lat' dir='ltr'><strong>Pollio</strong></span> <span class='ocrx_word' id='word_1_168' title='bbox 1774 1715 1882 1768; x_wconf 89' lang='lat' dir='ltr'><strong>iam</strong></span> <span class='ocrx_word' id='word_1_169' title='bbox 1954 1716 2040 1767; x_wconf 90' lang='lat' dir='ltr'><strong>ost</strong></span> <span class='ocrx_word' id='word_1_170' title='bbox 2075 1714 2265 1782; x_wconf 79' lang='lat' dir='ltr'><strong>Lyrica</strong></span> <span class='ocrx_word' id='word_1_171' title='bbox 2298 1713 2367 1767; x_wconf 89' lang='lat' dir='ltr'><strong>ad</strong></span> <span class='ocrx_word' id='word_1_172' title='bbox 2403 1712 2569 1782; x_wconf 77' lang='lat' dir='ltr'><strong>Epicu</strong></span> <span class='ocrx_word' id='word_1_173' title='bbox 2606 1728 2662 1765; x_wconf 88' lang='lat' dir='ltr'><strong>se</strong></span> <span class='ocrx_word' id='word_1_174' title='bbox 2696 1711 2931 1764; x_wconf 73' lang='lat' dir='ltr'><strong>conferre</strong></span> <span class='ocrx_word' id='word_1_175' title='bbox 2967 1709 3047 1763; x_wconf 91' lang='lat' dir='ltr'><strong>di-</strong></span> 
     </span>
     <span class='ocr_line' id='line_1_19' title="bbox 707 1777 3049 1851; baseline 0 -20"><span class='ocrx_word' id='word_1_176' title='bbox 707 1781 880 1839; x_wconf 78' lang='lat' dir='ltr'><strong>catur,</strong></span> <span class='ocrx_word' id='word_1_177' title='bbox 916 1777 1137 1848; x_wconf 88' lang='lat' dir='ltr'><strong>ideoque</strong></span> <span class='ocrx_word' id='word_1_178' title='bbox 1172 1779 1271 1847; x_wconf 88' lang='lat' dir='ltr'><strong>ipsi</strong></span> <span class='ocrx_word' id='word_1_179' title='bbox 1309 1784 1525 1834; x_wconf 88' lang='lat' dir='ltr'><strong>taurum</strong></span> <span class='ocrx_word' id='word_1_180' title='bbox 1562 1798 1676 1835; x_wconf 84' lang='lat' dir='ltr'><strong>esse</strong></span> <span class='ocrx_word' id='word_1_181' title='bbox 1710 1798 1902 1851; x_wconf 86' lang='lat' dir='ltr'><strong>paseen</strong></span> <span class='ocrx_word' id='word_1_182' title='bbox 1941 1788 2098 1843; x_wconf 82' lang='lat' dir='ltr'><strong>um“;</strong></span> <span class='ocrx_word' id='word_1_183' title='bbox 2136 1781 2274 1851; x_wconf 88' lang='lat' dir='ltr'><strong>quod</strong></span> <span class='ocrx_word' id='word_1_184' title='bbox 2311 1784 2502 1843; x_wconf 57' lang='lat' dir='ltr'><strong>arante</strong></span> <span class='ocrx_word' id='word_1_185' title='bbox 2537 1779 2711 1845; x_wconf 60' lang='lat' dir='ltr'><strong>massis</strong></span> <span class='ocrx_word' id='word_1_186' title='bbox 2743 1795 2902 1847; x_wconf 87' lang='lat' dir='ltr'><strong>quam</strong></span> <span class='ocrx_word' id='word_1_187' title='bbox 2926 1793 3049 1832; x_wconf 79' lang='lat' dir='ltr'><strong>vere</strong></span> 
     </span>
     <span class='ocr_line' id='line_1_20' title="bbox 709 1844 3048 1917; baseline -0 -19"><span class='ocrx_word' id='word_1_188' title='bbox 709 1844 914 1899; x_wconf 87' lang='lat' dir='ltr'><strong>dictum</strong></span> <span class='ocrx_word' id='word_1_189' title='bbox 988 1850 1098 1902; x_wconf 87' lang='lat' dir='ltr'><strong>uto.</strong></span> <span class='ocrx_word' id='word_1_190' title='bbox 1171 1846 1272 1911; x_wconf 87' lang='lat' dir='ltr'><strong>(Cf.</strong></span> <span class='ocrx_word' id='word_1_191' title='bbox 1309 1848 1471 1901; x_wconf 89' lang='lat' dir='ltr'><strong>etiam</strong></span> <span class='ocrx_word' id='word_1_192' title='bbox 1508 1847 1707 1902; x_wconf 86' lang='lat' dir='ltr'><strong>Obbar.</strong></span> <span class='ocrx_word' id='word_1_193' title='bbox 1749 1848 1818 1903; x_wconf 89' lang='lat' dir='ltr'><strong>ad</strong></span> <span class='ocrx_word' id='word_1_194' title='bbox 1855 1848 1907 1903; x_wconf 88' lang='lat' dir='ltr'><strong>h.</strong></span> <span class='ocrx_word' id='word_1_195' title='bbox 1946 1849 1982 1903; x_wconf 93' lang='lat' dir='ltr'><strong>l.</strong></span> <span class='ocrx_word' id='word_1_196' title='bbox 2019 1849 2143 1903; x_wconf 89' lang='lat' dir='ltr'><strong>Hor.</strong></span> <span class='ocrx_word' id='word_1_197' title='bbox 2181 1866 2233 1917; x_wconf 86' lang='lat' dir='ltr'><strong>p.</strong></span> <span class='ocrx_word' id='word_1_198' title='bbox 2285 1852 2421 1903; x_wconf 61' lang='grc'><strong>221.)</strong></span> <span class='ocrx_word' id='word_1_199' title='bbox 2492 1849 2663 1901; x_wconf 87' lang='lat' dir='ltr'><strong>Immo</strong></span> <span class='ocrx_word' id='word_1_200' title='bbox 2707 1847 2749 1898; x_wconf 85' lang='lat' dir='ltr'><strong>si</strong></span> <span class='ocrx_word' id='word_1_201' title='bbox 2797 1847 2926 1898; x_wconf 83' lang='lat' dir='ltr'><strong>haec</strong></span> <span class='ocrx_word' id='word_1_202' title='bbox 2969 1846 3048 1898; x_wconf 86' lang='lat' dir='ltr'><strong>in·</strong></span> 
     </span>
     <span class='ocr_line' id='line_1_21' title="bbox 708 1913 3049 1986; baseline -0.002 -18"><span class='ocrx_word' id='word_1_203' title='bbox 708 1916 950 1981; x_wconf 86' lang='lat' dir='ltr'><strong>terpreta</strong></span> <span class='ocrx_word' id='word_1_204' title='bbox 978 1914 1027 1967; x_wconf 89' lang='grc'><strong>10</strong></span> <span class='ocrx_word' id='word_1_205' title='bbox 1072 1932 1334 1968; x_wconf 77' lang='lat' dir='ltr'><strong>novorum</strong></span> <span class='ocrx_word' id='word_1_206' title='bbox 1377 1917 1694 1969; x_wconf 75' lang='lat' dir='ltr'><strong>camimum</strong></span> <span class='ocrx_word' id='word_1_207' title='bbox 1740 1932 1866 1970; x_wconf 81' lang='lat' dir='ltr'><strong>vera</strong></span> <span class='ocrx_word' id='word_1_208' title='bbox 1907 1920 2072 1975; x_wconf 83' lang='lat' dir='ltr'><strong>esset,</strong></span> <span class='ocrx_word' id='word_1_209' title='bbox 2120 1916 2300 1986; x_wconf 86' lang='lat' dir='ltr'><strong>potius</strong></span> <span class='ocrx_word' id='word_1_210' title='bbox 2346 1917 2411 1969; x_wconf 91' lang='lat' dir='ltr'><strong>de</strong></span> <span class='ocrx_word' id='word_1_211' title='bbox 2455 1915 2746 1980; x_wconf 62' lang='lat' dir='ltr'><strong>tragoediis</strong></span> <span class='ocrx_word' id='word_1_212' title='bbox 2792 1913 3049 1966; x_wconf 83' lang='lat' dir='ltr'><strong>Pollionis</strong></span> 
     </span>
     <span class='ocr_line' id='line_1_22' title="bbox 709 1980 3049 2053; baseline 0 -19"><span class='ocrx_word' id='word_1_213' title='bbox 709 1981 1053 2047; x_wconf 63' lang='lat' dir='ltr'><strong>cogitandum</strong></span> <span class='ocrx_word' id='word_1_214' title='bbox 1089 1998 1203 2036; x_wconf 84' lang='lat' dir='ltr'><strong>esse</strong></span> <span class='ocrx_word' id='word_1_215' title='bbox 1237 1982 1481 2036; x_wconf 81' lang='lat' dir='ltr'><strong>dicerem.</strong></span> <span class='ocrx_word' id='word_1_216' title='bbox 1550 1984 1632 2038; x_wconf 81' lang='lat' dir='ltr'><strong>Cf.</strong></span> <span class='ocrx_word' id='word_1_217' title='bbox 1672 1984 1881 2038; x_wconf 85' lang='lat' dir='ltr'><strong>adnott.</strong></span> <span class='ocrx_word' id='word_1_218' title='bbox 1918 1984 1986 2038; x_wconf 89' lang='lat' dir='ltr'><strong>ad</strong></span> <span class='ocrx_word' id='word_1_219' title='bbox 2021 1984 2130 2038; x_wconf 87' lang='lat' dir='ltr'><strong>Eel.</strong></span> <span class='ocrx_word' id='word_1_220' title='bbox 2169 1985 2319 2041; x_wconf 84' lang='lat' dir='ltr'><strong>VIII.</strong></span> <span class='ocrx_word' id='word_1_221' title='bbox 2360 1990 2391 2035; x_wconf 74' lang='lat'><strong>6</strong></span> <span class='ocrx_word' id='word_1_222' title='bbox 2430 2002 2543 2053; x_wconf 83' lang='lat' dir='ltr'><strong>sqq.</strong></span> <span class='ocrx_word' id='word_1_223' title='bbox 2575 1988 2628 2036; x_wconf 86' lang='lat' dir='ltr'><strong>et</strong></span> <span class='ocrx_word' id='word_1_224' title='bbox 2663 1981 2946 2035; x_wconf 86' lang='lat' dir='ltr'><strong>Weichert.</strong></span> <span class='ocrx_word' id='word_1_225' title='bbox 2984 1980 3049 2034; x_wconf 86' lang='lat' dir='ltr'><strong>de</strong></span> 
     </span>
     <span class='ocr_line' id='line_1_23' title="bbox 708 2049 3050 2121; baseline -0 -20"><span class='ocrx_word' id='word_1_226' title='bbox 708 2049 770 2102; x_wconf 90' lang='lat' dir='ltr'><strong>L.</strong></span> <span class='ocrx_word' id='word_1_227' title='bbox 818 2049 965 2103; x_wconf 86' lang='lat' dir='ltr'><strong>Varii</strong></span> <span class='ocrx_word' id='word_1_228' title='bbox 1009 2053 1066 2104; x_wconf 88' lang='lat' dir='ltr'><strong>et</strong></span> <span class='ocrx_word' id='word_1_229' title='bbox 1110 2050 1280 2103; x_wconf 87' lang='lat' dir='ltr'><strong>Cassii</strong></span> <span class='ocrx_word' id='word_1_230' title='bbox 1322 2049 1507 2105; x_wconf 80' lang='lat' dir='ltr'><strong>Parni.</strong></span> <span class='ocrx_word' id='word_1_231' title='bbox 1556 2052 1669 2106; x_wconf 80' lang='lat' dir='ltr'><strong>vita</strong></span> <span class='ocrx_word' id='word_1_232' title='bbox 1712 2070 1763 2121; x_wconf 92' lang='lat' dir='ltr'><strong>p.</strong></span> <span class='ocrx_word' id='word_1_233' title='bbox 1806 2056 1886 2106; x_wconf 83' lang='lat'><strong>51.</strong></span> <span class='ocrx_word' id='word_1_234' title='bbox 1924 2055 1980 2106; x_wconf 91' lang='lat' dir='ltr'><strong>et</strong></span> <span class='ocrx_word' id='word_1_235' title='bbox 2018 2055 2128 2106; x_wconf 77' lang='grc'><strong>149.</strong></span> <span class='ocrx_word' id='word_1_236' title='bbox 2159 2084 2222 2091; x_wconf 91' lang='grc'>-</span> <span class='ocrx_word' id='word_1_237' title='bbox 2262 2053 2324 2105; x_wconf 88' lang='grc'><strong>111</strong></span> <span class='ocrx_word' id='word_1_238' title='bbox 2369 2050 2613 2105; x_wconf 84' lang='lat' dir='ltr'><strong>iterando</strong></span> <span class='ocrx_word' id='word_1_239' title='bbox 2649 2050 2808 2103; x_wconf 81' lang='lat' dir='ltr'><strong>verbo</strong></span> <span class='ocrx_word' id='word_1_240' title='bbox 2843 2050 3050 2114; x_wconf 68' lang='lat' dir='ltr'><strong>pascite</strong></span> 
     </span>
     <span class='ocr_line' id='line_1_24' title="bbox 710 2117 3047 2189; baseline 0.002 -19"><span class='ocrx_word' id='word_1_241' title='bbox 710 2117 955 2171; x_wconf 88' lang='lat' dir='ltr'><strong>Gebauer</strong></span> <span class='ocrx_word' id='word_1_242' title='bbox 1001 2118 1046 2170; x_wconf 94' lang='grc' dir='ltr'><strong>Ι.</strong></span> <span class='ocrx_word' id='word_1_243' title='bbox 1090 2134 1142 2186; x_wconf 90' lang='lat' dir='ltr'><strong>p.</strong></span> <span class='ocrx_word' id='word_1_244' title='bbox 1193 2120 1308 2172; x_wconf 88' lang='grc'><strong>219.</strong></span> <span class='ocrx_word' id='word_1_245' title='bbox 1394 2121 1519 2173; x_wconf 87' lang='lat' dir='ltr'><strong>utat</strong></span> <span class='ocrx_word' id='word_1_246' title='bbox 1562 2123 1775 2189; x_wconf 70' lang='lat' dir='ltr'><strong>poetam</strong></span> <span class='ocrx_word' id='word_1_247' title='bbox 1827 2124 1952 2174; x_wconf 84' lang='lat' dir='ltr'><strong>ante</strong></span> <span class='ocrx_word' id='word_1_248' title='bbox 1994 2119 2174 2173; x_wconf 81' lang='lat' dir='ltr'><strong>oculos</strong></span> <span class='ocrx_word' id='word_1_249' title='bbox 2217 2119 2465 2173; x_wconf 74' lang='lat' dir='ltr'><strong>habuisse</strong></span> <span class='ocrx_word' id='word_1_250' title='bbox 2502 2118 2719 2171; x_wconf 86' lang='lat' dir='ltr'><strong>Theocr.</strong></span> <span class='ocrx_word' id='word_1_251' title='bbox 2757 2117 2908 2171; x_wconf 87' lang='lat' dir='ltr'><strong>VIII.</strong></span> <span class='ocrx_word' id='word_1_252' title='bbox 2947 2120 3047 2175; x_wconf 86' lang='grc'><strong>39..</strong></span> 
     </span>
     <span class='ocr_line' id='line_1_25' title="bbox 708 2135 3049 2258; baseline 0 -21"><span class='ocrx_word' id='word_1_253' title='bbox 708 2185 798 2238; x_wconf 89' lang='lat' dir='ltr'><strong>ubi</strong></span> <span class='ocrx_word' id='word_1_254' title='bbox 870 2202 930 2238; x_wconf 93' lang='lat' dir='ltr'><strong>ro</strong></span> <span class='ocrx_word' id='word_1_255' title='bbox 966 2190 1221 2239; x_wconf 75' lang='grc' dir='ltr'><strong>ποαίνετε</strong></span> <span class='ocrx_word' id='word_1_256' title='bbox 1260 2202 1287 2240; x_wconf 89' lang='lat' dir='ltr'><strong>e</strong></span> <span class='ocrx_word' id='word_1_257' title='bbox 1322 2135 1487 2240; x_wconf 49' lang='lat' dir='ltr'><strong>(ssdd.</strong></span> <span class='ocrx_word' id='word_1_258' title='bbox 1527 2187 1920 2242; x_wconf 87' lang='lat' dir='ltr'><strong>restituendum</strong></span> <span class='ocrx_word' id='word_1_259' title='bbox 1957 2188 2030 2242; x_wconf 87' lang='lat' dir='ltr'><strong>sit</strong></span> <span class='ocrx_word' id='word_1_260' title='bbox 2066 2192 2414 2258; x_wconf 75' lang='grc' dir='ltr'><em>ποιμαίνετε.</em></span> <span class='ocrx_word' id='word_1_261' title='bbox 2441 2219 2506 2226; x_wconf 90' lang='grc'>-</span> <span class='ocrx_word' id='word_1_262' title='bbox 2548 2185 2772 2239; x_wconf 83' lang='lat' dir='ltr'><strong>Versum</strong></span> <span class='ocrx_word' id='word_1_263' title='bbox 2808 2184 2916 2249; x_wconf 74' lang='lat'><strong>87..</strong></span> <span class='ocrx_word' id='word_1_264' title='bbox 2958 2185 3049 2254; x_wconf 91' lang='lat' dir='ltr'><strong>qui</strong></span> 
     </span>
     <span class='ocr_line' id='line_1_26' title="bbox 709 2252 3052 2325; baseline 0 -19"><span class='ocrx_word' id='word_1_265' title='bbox 709 2252 822 2306; x_wconf 84' lang='lat' dir='ltr'><strong>redi</strong></span> <span class='ocrx_word' id='word_1_266' title='bbox 888 2253 1018 2308; x_wconf 89' lang='lat' dir='ltr'><strong>Aen.</strong></span> <span class='ocrx_word' id='word_1_267' title='bbox 1058 2252 1152 2313; x_wconf 83' lang='lat' dir='ltr'><strong>IX,</strong></span> <span class='ocrx_word' id='word_1_268' title='bbox 1188 2255 1324 2317; x_wconf 69' lang='lat'>629„</span> <span class='ocrx_word' id='word_1_269' title='bbox 1360 2271 1397 2308; x_wconf 93' lang='lat' dir='ltr'><strong>u</strong></span> <span class='ocrx_word' id='word_1_270' title='bbox 1461 2258 1549 2308; x_wconf 88' lang='lat' dir='ltr'><strong>ote</strong></span> <span class='ocrx_word' id='word_1_271' title='bbox 1590 2256 1736 2325; x_wconf 91' lang='lat' dir='ltr'><strong>epico</strong></span> <span class='ocrx_word' id='word_1_272' title='bbox 1772 2256 2004 2310; x_wconf 85' lang='lat' dir='ltr'><strong>carmine</strong></span> <span class='ocrx_word' id='word_1_273' title='bbox 2044 2255 2362 2322; x_wconf 63' lang='lat' dir='ltr'><strong>digniorem,</strong></span> <span class='ocrx_word' id='word_1_274' title='bbox 2412 2255 2513 2308; x_wconf 84' lang='lat' dir='ltr'><strong>hoe</strong></span> <span class='ocrx_word' id='word_1_275' title='bbox 2552 2255 2665 2308; x_wconf 85' lang='lat' dir='ltr'><strong>loco</strong></span> <span class='ocrx_word' id='word_1_276' title='bbox 2714 2254 2898 2307; x_wconf 86' lang='lat' dir='ltr'><strong>abesse</strong></span> <span class='ocrx_word' id='word_1_277' title='bbox 2938 2270 3052 2307; x_wconf 88' lang='lat' dir='ltr'><strong>ma-</strong></span> 
     </span>
     <span class='ocr_line' id='line_1_27' title="bbox 708 2319 3051 2389; baseline 0 -14"><span class='ocrx_word' id='word_1_278' title='bbox 708 2319 829 2375; x_wconf 85' lang='lat' dir='ltr'><strong>vult</strong></span> <span class='ocrx_word' id='word_1_279' title='bbox 849 2320 1046 2389; x_wconf 49' lang='lat' dir='ltr'><strong>Herna</strong></span> <span class='ocrx_word' id='word_1_280' title='bbox 1083 2321 1167 2374; x_wconf 87' lang='lat' dir='ltr'><strong>cui</strong></span> <span class='ocrx_word' id='word_1_281' title='bbox 1201 2326 1343 2375; x_wconf 87' lang='lat' dir='ltr'><strong>recte</strong></span> <span class='ocrx_word' id='word_1_282' title='bbox 1449 2327 1695 2377; x_wconf 81' lang='lat' dir='ltr'><strong>versatur</strong></span> <span class='ocrx_word' id='word_1_283' title='bbox 1727 2323 1862 2377; x_wconf 86' lang='lat' dir='ltr'><strong>Iahn</strong></span> <span class='ocrx_word' id='word_1_284' title='bbox 1887 2363 1899 2375; x_wconf 92' lang='lat'><strong>.</strong></span> <span class='ocrx_word' id='word_1_285' title='bbox 1940 2324 2149 2377; x_wconf 86' lang='lat' dir='ltr'><strong>etiamsi</strong></span> <span class='ocrx_word' id='word_1_286' title='bbox 2185 2328 2400 2377; x_wconf 85' lang='lat' dir='ltr'><strong>tantum</strong></span> <span class='ocrx_word' id='word_1_287' title='bbox 2443 2326 2665 2376; x_wconf 77' lang='lat' dir='ltr'><strong>ornatus</strong></span> <span class='ocrx_word' id='word_1_288' title='bbox 2701 2337 2862 2376; x_wconf 86' lang='lat' dir='ltr'><strong>causa</strong></span> <span class='ocrx_word' id='word_1_289' title='bbox 2899 2321 3051 2376; x_wconf 83' lang='lat' dir='ltr'><strong>addi·</strong></span> 
     </span>
     <span class='ocr_line' id='line_1_28' title="bbox 708 2388 3049 2460; baseline 0 -18"><span class='ocrx_word' id='word_1_290' title='bbox 708 2393 802 2442; x_wconf 86' lang='lat' dir='ltr'><strong>tus</strong></span> <span class='ocrx_word' id='word_1_291' title='bbox 840 2389 913 2442; x_wconf 89' lang='lat' dir='ltr'><strong>sit</strong></span> <span class='ocrx_word' id='word_1_292' title='bbox 948 2388 1034 2441; x_wconf 90' lang='lat' dir='ltr'><strong>hic</strong></span> <span class='ocrx_word' id='word_1_293' title='bbox 1071 2404 1281 2451; x_wconf 82' lang='lat' dir='ltr'><strong>versus,</strong></span> <span class='ocrx_word' id='word_1_294' title='bbox 1324 2393 1507 2444; x_wconf 89' lang='lat' dir='ltr'><strong>tamen</strong></span> <span class='ocrx_word' id='word_1_295' title='bbox 1550 2394 1769 2460; x_wconf 84' lang='lat' dir='ltr'><strong>propter</strong></span> <span class='ocrx_word' id='word_1_296' title='bbox 1807 2392 2076 2444; x_wconf 83' lang='lat' dir='ltr'><strong>amoebaei</strong></span> <span class='ocrx_word' id='word_1_297' title='bbox 2122 2391 2372 2444; x_wconf 89' lang='lat' dir='ltr'><strong>carminis</strong></span> <span class='ocrx_word' id='word_1_298' title='bbox 2417 2390 2565 2453; x_wconf 57' lang='lat' dir='ltr'><strong>lenes</strong></span> <span class='ocrx_word' id='word_1_299' title='bbox 2612 2389 2900 2444; x_wconf 86' lang='lat' dir='ltr'><strong>desiderari</strong></span> <span class='ocrx_word' id='word_1_300' title='bbox 2948 2406 3049 2443; x_wconf 91' lang='grc'><strong>11011</strong></span> 
     </span>
    </p>

    <p class='ocr_par' dir='ltr' id='par_1_7' title="bbox 780 2457 3052 2529">
     <span class='ocr_line' id='line_1_29' title="bbox 780 2457 3052 2529; baseline 0 -19"><span class='ocrx_word' id='word_1_301' title='bbox 780 2473 888 2513; x_wconf 86' lang='lat' dir='ltr'><strong>sse.</strong></span> <span class='ocrx_word' id='word_1_302' title='bbox 934 2457 1275 2511; x_wconf 61' lang='lat' dir='ltr'><strong>contendens</strong></span> <span class='ocrx_word' id='word_1_303' title='bbox 1353 2457 1430 2512; x_wconf 86' lang='lat' dir='ltr'><strong>De</strong></span> <span class='ocrx_word' id='word_1_304' title='bbox 1479 2458 1737 2512; x_wconf 89' lang='lat' dir='ltr'><strong>eiusmodi</strong></span> <span class='ocrx_word' id='word_1_305' title='bbox 1781 2464 1961 2512; x_wconf 83' lang='lat' dir='ltr'><strong>autem</strong></span> <span class='ocrx_word' id='word_1_306' title='bbox 2006 2460 2247 2512; x_wconf 86' lang='lat' dir='ltr'><strong>versibus</strong></span> <span class='ocrx_word' id='word_1_307' title='bbox 2290 2459 2534 2529; x_wconf 88' lang='lat' dir='ltr'><strong>repetitis</strong></span> <span class='ocrx_word' id='word_1_308' title='bbox 2577 2457 2684 2513; x_wconf 83' lang='lat' dir='ltr'><strong>vid.</strong></span> <span class='ocrx_word' id='word_1_309' title='bbox 2728 2457 2936 2512; x_wconf 88' lang='lat' dir='ltr'><strong>adnott.</strong></span> <span class='ocrx_word' id='word_1_310' title='bbox 2984 2458 3052 2511; x_wconf 86' lang='lat' dir='ltr'><strong>ad</strong></span> 
     </span>
    </p>

    <p class='ocr_par' dir='ltr' id='par_1_8' title="bbox 666 2525 3058 4699">
     <span class='ocr_line' id='line_1_30' title="bbox 762 2525 3050 2595; baseline 0.001 -17"><span class='ocrx_word' id='word_1_311' title='bbox 762 2525 826 2578; x_wconf 90' lang='lat' dir='ltr'><strong>cl.</strong></span> <span class='ocrx_word' id='word_1_312' title='bbox 852 2526 915 2581; x_wconf 89' lang='lat' dir='ltr'><strong>V.</strong></span> <span class='ocrx_word' id='word_1_313' title='bbox 945 2529 1026 2579; x_wconf 82' lang='lat'><strong>37.</strong></span> <span class='ocrx_word' id='word_1_314' title='bbox 1097 2525 1175 2579; x_wconf 90' lang='lat' dir='ltr'><strong>De</strong></span> <span class='ocrx_word' id='word_1_315' title='bbox 1200 2527 1318 2594; x_wconf 86' lang='lat' dir='ltr'><strong>ipsa</strong></span> <span class='ocrx_word' id='word_1_316' title='bbox 1341 2543 1397 2580; x_wconf 89' lang='lat' dir='ltr'><strong>re</strong></span> <span class='ocrx_word' id='word_1_317' title='bbox 1433 2527 1499 2583; x_wconf 79' lang='lat' dir='ltr'><strong>cf.</strong></span> <span class='ocrx_word' id='word_1_318' title='bbox 1539 2529 1702 2581; x_wconf 87' lang='lat' dir='ltr'><strong>etiam</strong></span> <span class='ocrx_word' id='word_1_319' title='bbox 1738 2527 1888 2581; x_wconf 88' lang='lat' dir='ltr'><strong>locus</strong></span> <span class='ocrx_word' id='word_1_320' title='bbox 1922 2526 2229 2581; x_wconf 85' lang='lat' dir='ltr'><strong>simillimus</strong></span> <span class='ocrx_word' id='word_1_321' title='bbox 2264 2526 2388 2580; x_wconf 85' lang='lat' dir='ltr'><strong>Geo.</strong></span> <span class='ocrx_word' id='word_1_322' title='bbox 2426 2528 2528 2581; x_wconf 87' lang='lat'><strong>111.</strong></span> <span class='ocrx_word' id='word_1_323' title='bbox 2554 2530 2651 2580; x_wconf 88' lang='grc'><strong>233</strong></span> <span class='ocrx_word' id='word_1_324' title='bbox 2671 2543 2748 2595; x_wconf 87' lang='lat' dir='ltr'><strong>sq.</strong></span> <span class='ocrx_word' id='word_1_325' title='bbox 2801 2526 3050 2580; x_wconf 77' lang='lat' dir='ltr'><strong>Ceterum</strong></span> 
     </span>
     <span class='ocr_line' id='line_1_31' title="bbox 714 2592 3053 2660; baseline 0.001 -14"><span class='ocrx_word' id='word_1_326' title='bbox 714 2592 879 2648; x_wconf 79' lang='lat' dir='ltr'><strong>Codd.</strong></span> <span class='ocrx_word' id='word_1_327' title='bbox 905 2593 1047 2647; x_wconf 81' lang='lat' dir='ltr'><strong>Med.</strong></span> <span class='ocrx_word' id='word_1_328' title='bbox 1083 2596 1139 2647; x_wconf 88' lang='lat' dir='ltr'><strong>et</strong></span> <span class='ocrx_word' id='word_1_329' title='bbox 1165 2592 1314 2647; x_wconf 85' lang='lat' dir='ltr'><strong>Rom.</strong></span> <span class='ocrx_word' id='word_1_330' title='bbox 1356 2595 1735 2649; x_wconf 85' lang='lat' dir='ltr'><strong>auctoritatem</strong></span> <span class='ocrx_word' id='word_1_331' title='bbox 1772 2596 1942 2649; x_wconf 87' lang='lat' dir='ltr'><strong>secuti</strong></span> <span class='ocrx_word' id='word_1_332' title='bbox 1980 2612 2099 2649; x_wconf 87' lang='lat' dir='ltr'><strong>curn</strong></span> <span class='ocrx_word' id='word_1_333' title='bbox 2123 2595 2312 2660; x_wconf 61' lang='lat' dir='ltr'><strong>Wagn.</strong></span> <span class='ocrx_word' id='word_1_334' title='bbox 2341 2595 2458 2647; x_wconf 85' lang='lat' dir='ltr'><strong>Vol.</strong></span> <span class='ocrx_word' id='word_1_335' title='bbox 2486 2595 2548 2648; x_wconf 88' lang='lat' dir='ltr'><strong>V.</strong></span> <span class='ocrx_word' id='word_1_336' title='bbox 2586 2598 2640 2648; x_wconf 84' lang='lat' dir='ltr'><strong>et</strong></span> <span class='ocrx_word' id='word_1_337' title='bbox 2676 2594 3053 2648; x_wconf 85' lang='lat' dir='ltr'><strong>recentissimis</strong></span> 
     </span>
     <span class='ocr_line' id='line_1_32' title="bbox 711 2661 3053 2730; baseline -0.001 -15"><span class='ocrx_word' id='word_1_338' title='bbox 711 2661 1008 2715; x_wconf 80' lang='lat' dir='ltr'><strong>editoribus</strong></span> <span class='ocrx_word' id='word_1_339' title='bbox 1047 2662 1355 2730; x_wconf 84' lang='lat' dir='ltr'><strong>scripsimus</strong></span> <span class='ocrx_word' id='word_1_340' title='bbox 1388 2664 1668 2720; x_wconf 76' lang='lat' dir='ltr'><strong>harenam.</strong></span> <span class='ocrx_word' id='word_1_341' title='bbox 1706 2681 1808 2717; x_wconf 88' lang='lat' dir='ltr'><strong>non</strong></span> <span class='ocrx_word' id='word_1_342' title='bbox 1850 2680 2091 2716; x_wconf 72' lang='lat' dir='ltr'><strong>armam.</strong></span> <span class='ocrx_word' id='word_1_343' title='bbox 2142 2663 2223 2715; x_wconf 83' lang='lat' dir='ltr'><strong>cf.</strong></span> <span class='ocrx_word' id='word_1_344' title='bbox 2250 2662 2601 2716; x_wconf 84' lang='lat' dir='ltr'><strong>Grammatici</strong></span> <span class='ocrx_word' id='word_1_345' title='bbox 2636 2665 2842 2716; x_wconf 82' lang='lat' dir='ltr'><strong>veteres</strong></span> <span class='ocrx_word' id='word_1_346' title='bbox 2867 2678 2900 2715; x_wconf 89' lang='lat' dir='ltr'><strong>a</strong></span> <span class='ocrx_word' id='word_1_347' title='bbox 2924 2661 3053 2715; x_wconf 86' lang='lat' dir='ltr'><strong>Rib-</strong></span> 
     </span>
     <span class='ocr_line' id='line_1_33' title="bbox 712 2727 3053 2800; baseline 0.001 -18"><span class='ocrx_word' id='word_1_348' title='bbox 712 2728 895 2782; x_wconf 84' lang='lat' dir='ltr'><strong>beckio</strong></span> <span class='ocrx_word' id='word_1_349' title='bbox 928 2727 1138 2794; x_wconf 70' lang='lat' dir='ltr'><strong>Proleg.</strong></span> <span class='ocrx_word' id='word_1_350' title='bbox 1176 2746 1227 2796; x_wconf 87' lang='lat' dir='ltr'><strong>p.</strong></span> <span class='ocrx_word' id='word_1_351' title='bbox 1254 2732 1371 2783; x_wconf 88' lang='grc'><strong>422.</strong></span> <span class='ocrx_word' id='word_1_352' title='bbox 1407 2729 1574 2792; x_wconf 67' lang='lat' dir='ltr'><strong>laud„</strong></span> <span class='ocrx_word' id='word_1_353' title='bbox 1612 2731 1802 2796; x_wconf 67' lang='lat' dir='ltr'><strong>Wagn.</strong></span> <span class='ocrx_word' id='word_1_354' title='bbox 1841 2730 1993 2785; x_wconf 85' lang='lat' dir='ltr'><strong>Orth.</strong></span> <span class='ocrx_word' id='word_1_355' title='bbox 2034 2731 2196 2797; x_wconf 71' lang='lat' dir='ltr'><strong>Verg.</strong></span> <span class='ocrx_word' id='word_1_356' title='bbox 2240 2748 2292 2800; x_wconf 92' lang='lat' dir='ltr'><strong>p.</strong></span> <span class='ocrx_word' id='word_1_357' title='bbox 2330 2734 2449 2784; x_wconf 87' lang='grc'><strong>441.</strong></span> <span class='ocrx_word' id='word_1_358' title='bbox 2485 2729 2789 2784; x_wconf 80' lang='lat' dir='ltr'><strong>Schneideri</strong></span> <span class='ocrx_word' id='word_1_359' title='bbox 2812 2729 3053 2784; x_wconf 87' lang='lat' dir='ltr'><strong>Gramm.</strong></span> 
     </span>
     <span class='ocr_line' id='line_1_34' title="bbox 712 2796 3052 2868; baseline 0 -19"><span class='ocrx_word' id='word_1_360' title='bbox 712 2796 835 2850; x_wconf 86' lang='lat' dir='ltr'><strong>Lat.</strong></span> <span class='ocrx_word' id='word_1_361' title='bbox 869 2796 922 2854; x_wconf 89' lang='lat'><strong>1.</strong></span> <span class='ocrx_word' id='word_1_362' title='bbox 970 2800 1014 2849; x_wconf 88' lang='lat'><strong>1.</strong></span> <span class='ocrx_word' id='word_1_363' title='bbox 1062 2813 1114 2865; x_wconf 88' lang='lat' dir='ltr'><strong>p.</strong></span> <span class='ocrx_word' id='word_1_364' title='bbox 1156 2800 1267 2849; x_wconf 78' lang='lat'><strong>185.</strong></span> <span class='ocrx_word' id='word_1_365' title='bbox 1328 2797 1528 2852; x_wconf 87' lang='lat' dir='ltr'><strong>Osann.</strong></span> <span class='ocrx_word' id='word_1_366' title='bbox 1567 2798 1635 2852; x_wconf 88' lang='lat' dir='ltr'><strong>ad</strong></span> <span class='ocrx_word' id='word_1_367' title='bbox 1675 2798 1836 2868; x_wconf 87' lang='lat' dir='ltr'><strong>Apul.</strong></span> <span class='ocrx_word' id='word_1_368' title='bbox 1888 2799 1953 2853; x_wconf 85' lang='lat' dir='ltr'><strong>de</strong></span> <span class='ocrx_word' id='word_1_369' title='bbox 1988 2801 2118 2852; x_wconf 84' lang='lat' dir='ltr'><strong>nota</strong></span> <span class='ocrx_word' id='word_1_370' title='bbox 2158 2797 2359 2867; x_wconf 87' lang='lat' dir='ltr'><strong>adspir.</strong></span> <span class='ocrx_word' id='word_1_371' title='bbox 2415 2815 2465 2867; x_wconf 87' lang='lat' dir='ltr'><strong>p.</strong></span> <span class='ocrx_word' id='word_1_372' title='bbox 2509 2801 2590 2851; x_wconf 85' lang='grc'><strong>88.</strong></span> <span class='ocrx_word' id='word_1_373' title='bbox 2636 2800 2690 2851; x_wconf 88' lang='lat' dir='ltr'><strong>et</strong></span> <span class='ocrx_word' id='word_1_374' title='bbox 2727 2797 3052 2851; x_wconf 82' lang='lat' dir='ltr'><strong>Fleckeisen.</strong></span> 
     </span>
     <span class='ocr_line' id='line_1_35' title="bbox 666 2864 3052 2933; baseline 0.001 -16"><span class='ocrx_word' id='word_1_375' title='bbox 666 2864 817 2917; x_wconf 73' lang='lat' dir='ltr'><strong>“I&#39;it.</strong></span> <span class='ocrx_word' id='word_1_376' title='bbox 863 2864 982 2918; x_wconf 90' lang='lat' dir='ltr'><strong>Lat.</strong></span> <span class='ocrx_word' id='word_1_377' title='bbox 1035 2881 1086 2933; x_wconf 92' lang='lat' dir='ltr'><strong>p.</strong></span> <span class='ocrx_word' id='word_1_378' title='bbox 1141 2867 1219 2917; x_wconf 86' lang='grc'><strong>18.</strong></span> <span class='ocrx_word' id='word_1_379' title='bbox 1283 2897 1349 2905; x_wconf 94' lang='grc'>-</span> <span class='ocrx_word' id='word_1_380' title='bbox 1413 2864 1502 2922; x_wconf 87' lang='lat'><strong>88.</strong></span> <span class='ocrx_word' id='word_1_381' title='bbox 1550 2866 1687 2925; x_wconf 73' lang='lat' dir='ltr'><strong>Qui</strong></span> <span class='ocrx_word' id='word_1_382' title='bbox 1729 2875 1815 2922; x_wconf 72' lang='lat' dir='ltr'><strong>te..</strong></span> <span class='ocrx_word' id='word_1_383' title='bbox 1871 2866 2139 2924; x_wconf 82' lang='lat' dir='ltr'><strong>Pollio.</strong></span> <span class='ocrx_word' id='word_1_384' title='bbox 2198 2874 2385 2919; x_wconf 75' lang='lat' dir='ltr'><strong>amat.</strong></span> <span class='ocrx_word' id='word_1_385' title='bbox 2439 2865 2646 2920; x_wconf 85' lang='lat' dir='ltr'><strong>Peerlk.</strong></span> <span class='ocrx_word' id='word_1_386' title='bbox 2693 2882 2745 2933; x_wconf 89' lang='lat' dir='ltr'><strong>p.</strong></span> <span class='ocrx_word' id='word_1_387' title='bbox 2806 2869 2879 2918; x_wconf 74' lang='lat'><strong>¹5.</strong></span> <span class='ocrx_word' id='word_1_388' title='bbox 2940 2866 3052 2919; x_wconf 88' lang='lat' dir='ltr'><strong>sine</strong></span> 
     </span>
     <span class='ocr_line' id='line_1_36' title="bbox 713 2932 3053 3012; baseline 0 -27"><span class='ocrx_word' id='word_1_389' title='bbox 713 2933 857 2985; x_wconf 81' lang='lat' dir='ltr'><strong>iusta</strong></span> <span class='ocrx_word' id='word_1_390' title='bbox 915 2947 1078 2985; x_wconf 81' lang='lat' dir='ltr'><strong>causa</strong></span> <span class='ocrx_word' id='word_1_391' title='bbox 1129 2932 1262 2985; x_wconf 86' lang='lat' dir='ltr'><strong>coni.</strong></span> <span class='ocrx_word' id='word_1_392' title='bbox 1330 2934 1498 2991; x_wconf 78' lang='lat' dir='ltr'><strong>Quem</strong></span> <span class='ocrx_word' id='word_1_393' title='bbox 1554 2941 1629 2995; x_wconf 76' lang='lat' dir='ltr'><strong>tn,</strong></span> <span class='ocrx_word' id='word_1_394' title='bbox 1695 2933 1910 2992; x_wconf 74' lang='lat' dir='ltr'><strong>Pollio.</strong></span> <span class='ocrx_word' id='word_1_395' title='bbox 1966 2952 2136 2987; x_wconf 57' lang='lat' dir='ltr'><strong>amas.</strong></span> <span class='ocrx_word' id='word_1_396' title='bbox 2185 2968 2247 2974; x_wconf 86' lang='lat'><strong>-—</strong></span> <span class='ocrx_word' id='word_1_397' title='bbox 2302 2934 2551 2988; x_wconf 75' lang='lat' dir='ltr'><strong>veniat.</strong></span> <span class='ocrx_word' id='word_1_398' title='bbox 2613 2951 2737 3012; x_wconf 78' lang='lat' dir='ltr'><strong>qno</strong></span> <span class='ocrx_word' id='word_1_399' title='bbox 2795 2940 2853 2984; x_wconf 78' lang='lat' dir='ltr'><strong>tc</strong></span> <span class='ocrx_word' id='word_1_400' title='bbox 2902 2951 3053 3000; x_wconf 75' lang='lat' dir='ltr'><strong>quo-</strong></span> 
     </span>
     <span class='ocr_line' id='line_1_37' title="bbox 712 2998 3052 3138; baseline 0 -19"><span class='ocrx_word' id='word_1_401' title='bbox 712 3019 751 3119; x_wconf 64' lang='lat'><strong>2¹</strong></span> <span class='ocrx_word' id='word_1_402' title='bbox 760 2998 1355 3121; x_wconf 49' lang='lat' dir='ltr'><strong>’‘gamma‘siffissg&#39;</strong></span> <span class='ocrx_word' id='word_1_403' title='bbox 1365 3001 1961 3123; x_wconf 56' lang='lat' dir='ltr'><strong>zff.535⁸5.}÷.332151¹‡⁶³</strong></span> <span class='ocrx_word' id='word_1_404' title='bbox 1979 3000 2150 3138; x_wconf 55' lang='lat' dir='ltr'><strong>&lt;iffi</strong></span> <span class='ocrx_word' id='word_1_405' title='bbox 2224 3001 2906 3137; x_wconf 50' lang='lat' dir='ltr'><strong>‘L‘sssssetffi‘efflsslffsszcssffirussi</strong></span> <span class='ocrx_word' id='word_1_406' title='bbox 2928 3001 3052 3136; x_wconf 52' lang='grc' dir='ltr'><strong>Ἓξ</strong></span> 
     </span>
     <span class='ocr_line' id='line_1_38' title="bbox 712 3134 3056 3201; baseline 0 -13"><span class='ocrx_word' id='word_1_407' title='bbox 712 3134 939 3188; x_wconf 85' lang='lat' dir='ltr'><strong>Pollioni</strong></span> <span class='ocrx_word' id='word_1_408' title='bbox 977 3134 1175 3190; x_wconf 73' lang='lat' dir='ltr'><strong>faveat.</strong></span> <span class='ocrx_word' id='word_1_409' title='bbox 1212 3138 1310 3189; x_wconf 77' lang='lat' dir='ltr'><strong>aut</strong></span> <span class='ocrx_word' id='word_1_410' title='bbox 1343 3140 1406 3189; x_wconf 81' lang='lat' dir='ltr'><strong>ut</strong></span> <span class='ocrx_word' id='word_1_411' title='bbox 1445 3135 1566 3189; x_wconf 84' lang='grc'><strong>0011.</strong></span> <span class='ocrx_word' id='word_1_412' title='bbox 1588 3136 1806 3191; x_wconf 83' lang='lat' dir='ltr'><strong>Theocr.</strong></span> <span class='ocrx_word' id='word_1_413' title='bbox 1843 3137 1887 3191; x_wconf 90' lang='lat' dir='ltr'><strong>I.</strong></span> <span class='ocrx_word' id='word_1_414' title='bbox 1926 3139 2007 3194; x_wconf 87' lang='lat'><strong>20.</strong></span> <span class='ocrx_word' id='word_1_415' title='bbox 2049 3138 2162 3189; x_wconf 77' lang='grc' dir='ltr'><strong>Καὶ</strong></span> <span class='ocrx_word' id='word_1_416' title='bbox 2199 3142 2299 3197; x_wconf 79' lang='grc' dir='ltr'><strong>τᾶς</strong></span> <span class='ocrx_word' id='word_1_417' title='bbox 2336 3138 2640 3201; x_wconf 75' lang='grc' dir='ltr'><strong><em>βωκολικᾶς</em></strong></span> <span class='ocrx_word' id='word_1_418' title='bbox 2673 3135 2766 3188; x_wconf 75' lang='grc' dir='ltr'><strong>ἐπὶ</strong></span> <span class='ocrx_word' id='word_1_419' title='bbox 2798 3136 2858 3188; x_wconf 76' lang='grc' dir='ltr'><strong>τὸ</strong></span> <span class='ocrx_word' id='word_1_420' title='bbox 2885 3137 3056 3188; x_wconf 73' lang='grc' dir='ltr'><strong><em>πλέον</em></strong></span> 
     </span>
     <span class='ocr_line' id='line_1_39' title="bbox 716 3201 3052 3271; baseline 0.001 -17"><span class='ocrx_word' id='word_1_421' title='bbox 716 3205 830 3256; x_wconf 70' lang='grc' dir='ltr'><strong>ἵκεο</strong></span> <span class='ocrx_word' id='word_1_422' title='bbox 867 3207 1100 3261; x_wconf 73' lang='grc' dir='ltr'><em>Μοίσαις</em></span> <span class='ocrx_word' id='word_1_423' title='bbox 1134 3201 1198 3256; x_wconf 89' lang='lat' dir='ltr'><strong>de</strong></span> <span class='ocrx_word' id='word_1_424' title='bbox 1233 3204 1440 3271; x_wconf 71' lang='lat' dir='ltr'><strong>poetica</strong></span> <span class='ocrx_word' id='word_1_425' title='bbox 1473 3204 1734 3258; x_wconf 73' lang='lat' dir='ltr'><strong>facultate</strong></span> <span class='ocrx_word' id='word_1_426' title='bbox 1770 3205 2090 3270; x_wconf 65' lang='lat' dir='ltr'><strong>cogitemus,</strong></span> <span class='ocrx_word' id='word_1_427' title='bbox 2142 3206 2198 3258; x_wconf 86' lang='lat' dir='ltr'><strong>et</strong></span> <span class='ocrx_word' id='word_1_428' title='bbox 2244 3204 2383 3258; x_wconf 87' lang='lat' dir='ltr'><strong>hunc</strong></span> <span class='ocrx_word' id='word_1_429' title='bbox 2430 3219 2645 3258; x_wconf 89' lang='lat' dir='ltr'><strong>sensum</strong></span> <span class='ocrx_word' id='word_1_430' title='bbox 2693 3219 2806 3257; x_wconf 84' lang='lat' dir='ltr'><strong>esse</strong></span> <span class='ocrx_word' id='word_1_431' title='bbox 2843 3205 3052 3256; x_wconf 84' lang='lat' dir='ltr'><strong>statua—</strong></span> 
     </span>
     <span class='ocr_line' id='line_1_40' title="bbox 712 3269 3053 3350; baseline 0 -27"><span class='ocrx_word' id='word_1_432' title='bbox 712 3287 856 3324; x_wconf 85' lang='lat' dir='ltr'><strong>mus:</strong></span> <span class='ocrx_word' id='word_1_433' title='bbox 899 3270 944 3324; x_wconf 88' lang='lat' dir='ltr'><strong>ei</strong></span> <span class='ocrx_word' id='word_1_434' title='bbox 978 3269 1256 3332; x_wconf 59' lang='lat' dir='ltr'><strong>contingat</strong></span> <span class='ocrx_word' id='word_1_435' title='bbox 1294 3275 1407 3324; x_wconf 86' lang='lat' dir='ltr'><strong>tam</strong></span> <span class='ocrx_word' id='word_1_436' title='bbox 1446 3271 1648 3326; x_wconf 89' lang='lat' dir='ltr'><strong>bonum</strong></span> <span class='ocrx_word' id='word_1_437' title='bbox 1680 3275 1892 3342; x_wconf 74' lang='lat' dir='ltr'><strong>poetam</strong></span> <span class='ocrx_word' id='word_1_438' title='bbox 1925 3289 2058 3327; x_wconf 86' lang='lat' dir='ltr'><strong>esse.</strong></span> <span class='ocrx_word' id='word_1_439' title='bbox 2100 3288 2258 3341; x_wconf 87' lang='lat' dir='ltr'><strong>quam</strong></span> <span class='ocrx_word' id='word_1_440' title='bbox 2285 3271 2458 3325; x_wconf 85' lang='lat' dir='ltr'><strong>Pollio</strong></span> <span class='ocrx_word' id='word_1_441' title='bbox 2483 3273 2592 3328; x_wconf 75' lang='lat' dir='ltr'><strong>est:</strong></span> <span class='ocrx_word' id='word_1_442' title='bbox 2630 3273 2693 3324; x_wconf 91' lang='lat' dir='ltr'><strong>ut</strong></span> <span class='ocrx_word' id='word_1_443' title='bbox 2717 3275 2920 3332; x_wconf 78' lang='lat' dir='ltr'><strong>contra.</strong></span> <span class='ocrx_word' id='word_1_444' title='bbox 2964 3272 3053 3350; x_wconf 82' lang='lat' dir='ltr'><strong>qui</strong></span> 
     </span>
     <span class='ocr_line' id='line_1_41' title="bbox 714 3337 3054 3394; baseline 0 -3"><span class='ocrx_word' id='word_1_445' title='bbox 714 3337 936 3391; x_wconf 86' lang='lat' dir='ltr'><strong>Bavium</strong></span> <span class='ocrx_word' id='word_1_446' title='bbox 975 3354 1077 3390; x_wconf 91' lang='lat' dir='ltr'><strong>non</strong></span> <span class='ocrx_word' id='word_1_447' title='bbox 1113 3337 1243 3394; x_wconf 86' lang='lat' dir='ltr'><strong>odit.</strong></span> <span class='ocrx_word' id='word_1_448' title='bbox 1281 3339 1314 3391; x_wconf 91' lang='lat' dir='ltr'><strong>i.</strong></span> <span class='ocrx_word' id='word_1_449' title='bbox 1341 3356 1385 3393; x_wconf 92' lang='lat' dir='ltr'><strong>e.</strong></span> <span class='ocrx_word' id='word_1_450' title='bbox 1427 3340 1753 3394; x_wconf 86' lang='lat' dir='ltr'><strong>carminibus</strong></span> <span class='ocrx_word' id='word_1_451' title='bbox 1789 3340 1903 3393; x_wconf 90' lang='lat' dir='ltr'><strong>eius</strong></span> <span class='ocrx_word' id='word_1_452' title='bbox 1942 3338 2256 3394; x_wconf 87' lang='lat' dir='ltr'><strong>delectatur.</strong></span> <span class='ocrx_word' id='word_1_453' title='bbox 2297 3345 2410 3393; x_wconf 87' lang='lat' dir='ltr'><strong>tam</strong></span> <span class='ocrx_word' id='word_1_454' title='bbox 2451 3338 2627 3393; x_wconf 85' lang='lat' dir='ltr'><strong>malus</strong></span> <span class='ocrx_word' id='word_1_455' title='bbox 2651 3339 2947 3392; x_wconf 88' lang='lat' dir='ltr'><strong>carminum</strong></span> <span class='ocrx_word' id='word_1_456' title='bbox 2974 3355 3054 3392; x_wconf 88' lang='grc'><strong>111-</strong></span> 
     </span>
     <span class='ocr_line' id='line_1_42' title="bbox 714 3405 3054 3476; baseline 0 -17"><span class='ocrx_word' id='word_1_457' title='bbox 714 3405 811 3460; x_wconf 76' lang='lat' dir='ltr'><strong>dex</strong></span> <span class='ocrx_word' id='word_1_458' title='bbox 848 3409 982 3466; x_wconf 83' lang='lat' dir='ltr'><strong>esto,</strong></span> <span class='ocrx_word' id='word_1_459' title='bbox 1020 3409 1085 3459; x_wconf 88' lang='lat' dir='ltr'><strong>ut</strong></span> <span class='ocrx_word' id='word_1_460' title='bbox 1118 3406 1400 3466; x_wconf 77' lang='lat' dir='ltr'><strong>Maevium.</strong></span> <span class='ocrx_word' id='word_1_461' title='bbox 1438 3408 1670 3476; x_wconf 89' lang='lat' dir='ltr'><strong>peiorem</strong></span> <span class='ocrx_word' id='word_1_462' title='bbox 1706 3407 1838 3461; x_wconf 86' lang='lat' dir='ltr'><strong>adeo</strong></span> <span class='ocrx_word' id='word_1_463' title='bbox 1860 3407 2023 3460; x_wconf 84' lang='lat' dir='ltr'><strong>Bavio</strong></span> <span class='ocrx_word' id='word_1_464' title='bbox 2060 3411 2290 3476; x_wconf 74' lang='lat' dir='ltr'><strong>poetam.</strong></span> <span class='ocrx_word' id='word_1_465' title='bbox 2328 3406 2529 3461; x_wconf 82' lang='lat' dir='ltr'><strong>laudet.</strong></span> <span class='ocrx_word' id='word_1_466' title='bbox 2602 3405 2762 3460; x_wconf 84' lang='lat' dir='ltr'><strong>Illam</strong></span> <span class='ocrx_word' id='word_1_467' title='bbox 2794 3407 3054 3460; x_wconf 87' lang='lat' dir='ltr'><strong>rationem</strong></span> 
     </span>
     <span class='ocr_line' id='line_1_43' title="bbox 713 3473 3057 3553; baseline -0.001 -25"><span class='ocrx_word' id='word_1_468' title='bbox 713 3474 882 3528; x_wconf 84' lang='lat' dir='ltr'><strong>secuti</strong></span> <span class='ocrx_word' id='word_1_469' title='bbox 909 3476 1041 3527; x_wconf 89' lang='lat' dir='ltr'><strong>sunt</strong></span> <span class='ocrx_word' id='word_1_470' title='bbox 1063 3473 1259 3553; x_wconf 88' lang='lat' dir='ltr'><strong>Spohn.</strong></span> <span class='ocrx_word' id='word_1_471' title='bbox 1283 3473 1473 3540; x_wconf 66' lang='lat' dir='ltr'><strong>Wagn.</strong></span> <span class='ocrx_word' id='word_1_472' title='bbox 1502 3479 1558 3529; x_wconf 88' lang='lat' dir='ltr'><strong>et</strong></span> <span class='ocrx_word' id='word_1_473' title='bbox 1582 3475 1900 3540; x_wconf 63' lang='lat' dir='ltr'><strong>Conington,</strong></span> <span class='ocrx_word' id='word_1_474' title='bbox 1930 3474 2066 3529; x_wconf 86' lang='lat' dir='ltr'><strong>hanc</strong></span> <span class='ocrx_word' id='word_1_475' title='bbox 2092 3491 2188 3538; x_wconf 63' lang='lat' dir='ltr'><strong>ego</strong></span> <span class='ocrx_word' id='word_1_476' title='bbox 2215 3490 2332 3528; x_wconf 89' lang='lat' dir='ltr'><strong>cum</strong></span> <span class='ocrx_word' id='word_1_477' title='bbox 2353 3475 2559 3542; x_wconf 71' lang='lat' dir='ltr'><strong>Heynio</strong></span> <span class='ocrx_word' id='word_1_478' title='bbox 2578 3474 2898 3543; x_wconf 77' lang='lat' dir='ltr'><strong>amplector:</strong></span> <span class='ocrx_word' id='word_1_479' title='bbox 2933 3481 3057 3541; x_wconf 60' lang='lat' dir='ltr'><strong>poe-</strong></span> 
     </span>
     <span class='ocr_line' id='line_1_44' title="bbox 714 3541 3055 3611; baseline 0 -17"><span class='ocrx_word' id='word_1_480' title='bbox 714 3542 854 3595; x_wconf 85' lang='lat' dir='ltr'><strong>ticae</strong></span> <span class='ocrx_word' id='word_1_481' title='bbox 887 3541 1028 3595; x_wconf 88' lang='lat' dir='ltr'><strong>enim</strong></span> <span class='ocrx_word' id='word_1_482' title='bbox 1068 3543 1285 3595; x_wconf 77' lang='lat' dir='ltr'><strong>virtutis</strong></span> <span class='ocrx_word' id='word_1_483' title='bbox 1317 3543 1655 3610; x_wconf 86' lang='lat' dir='ltr'><strong>praeconium</strong></span> <span class='ocrx_word' id='word_1_484' title='bbox 1693 3543 1869 3609; x_wconf 66' lang='lat' dir='ltr'><strong>magis</strong></span> <span class='ocrx_word' id='word_1_485' title='bbox 1900 3542 2239 3597; x_wconf 69' lang='lat' dir='ltr'><strong>blandiretur</strong></span> <span class='ocrx_word' id='word_1_486' title='bbox 2270 3542 2523 3604; x_wconf 88' lang='lat' dir='ltr'><strong>Pollioni,</strong></span> <span class='ocrx_word' id='word_1_487' title='bbox 2568 3558 2727 3611; x_wconf 86' lang='lat' dir='ltr'><strong>quam</strong></span> <span class='ocrx_word' id='word_1_488' title='bbox 2762 3541 3055 3602; x_wconf 85' lang='lat' dir='ltr'><strong>felicitatis,</strong></span> 
     </span>
     <span class='ocr_line' id='line_1_45' title="bbox 714 3609 3053 3676; baseline 0 -13"><span class='ocrx_word' id='word_1_489' title='bbox 714 3625 925 3663; x_wconf 87' lang='lat' dir='ltr'><strong>necesse</strong></span> <span class='ocrx_word' id='word_1_490' title='bbox 961 3611 1092 3662; x_wconf 88' lang='lat' dir='ltr'><strong>erat.</strong></span> <span class='ocrx_word' id='word_1_491' title='bbox 1162 3609 1391 3663; x_wconf 82' lang='lat' dir='ltr'><strong>Videtur</strong></span> <span class='ocrx_word' id='word_1_492' title='bbox 1427 3611 1595 3676; x_wconf 59' lang='lat' dir='ltr'><strong>igitur</strong></span> <span class='ocrx_word' id='word_1_493' title='bbox 1629 3612 1680 3664; x_wconf 90' lang='lat' dir='ltr'><strong>in</strong></span> <span class='ocrx_word' id='word_1_494' title='bbox 1717 3611 1801 3664; x_wconf 84' lang='lat' dir='ltr'><strong>his</strong></span> <span class='ocrx_word' id='word_1_495' title='bbox 1829 3612 2006 3665; x_wconf 82' lang='lat' dir='ltr'><strong>verbis</strong></span> <span class='ocrx_word' id='word_1_496' title='bbox 2035 3611 2203 3666; x_wconf 88' lang='lat' dir='ltr'><strong>latere</strong></span> <span class='ocrx_word' id='word_1_497' title='bbox 2229 3610 2511 3664; x_wconf 86' lang='lat' dir='ltr'><strong>blandiens</strong></span> <span class='ocrx_word' id='word_1_498' title='bbox 2538 3610 2734 3664; x_wconf 85' lang='lat' dir='ltr'><strong>fautori</strong></span> <span class='ocrx_word' id='word_1_499' title='bbox 2762 3610 3053 3664; x_wconf 85' lang='lat' dir='ltr'><strong>sententia:</strong></span> 
     </span>
     <span class='ocr_line' id='line_1_46' title="bbox 714 3675 3055 3747; baseline -0.001 -15"><span class='ocrx_word' id='word_1_500' title='bbox 714 3677 932 3732; x_wconf 88' lang='lat' dir='ltr'><strong>Utinam</strong></span> <span class='ocrx_word' id='word_1_501' title='bbox 973 3675 1106 3730; x_wconf 84' lang='lat' dir='ltr'><strong>mihi</strong></span> <span class='ocrx_word' id='word_1_502' title='bbox 1141 3693 1364 3747; x_wconf 89' lang='lat' dir='ltr'><strong>quoque.</strong></span> <span class='ocrx_word' id='word_1_503' title='bbox 1405 3679 1496 3747; x_wconf 91' lang='lat' dir='ltr'><strong>qui</strong></span> <span class='ocrx_word' id='word_1_504' title='bbox 1532 3683 1613 3736; x_wconf 79' lang='lat' dir='ltr'><strong>te.</strong></span> <span class='ocrx_word' id='word_1_505' title='bbox 1653 3678 1844 3734; x_wconf 87' lang='lat' dir='ltr'><strong>Pollio.</strong></span> <span class='ocrx_word' id='word_1_506' title='bbox 1887 3679 2122 3733; x_wconf 86' lang='lat' dir='ltr'><strong>omnium</strong></span> <span class='ocrx_word' id='word_1_507' title='bbox 2158 3679 2384 3732; x_wconf 83' lang='lat' dir='ltr'><strong>maxime</strong></span> <span class='ocrx_word' id='word_1_508' title='bbox 2423 3694 2544 3731; x_wconf 87' lang='lat' dir='ltr'><strong>amo</strong></span> <span class='ocrx_word' id='word_1_509' title='bbox 2583 3681 2636 3731; x_wconf 87' lang='lat' dir='ltr'><strong>et</strong></span> <span class='ocrx_word' id='word_1_510' title='bbox 2680 3678 2809 3734; x_wconf 81' lang='lat' dir='ltr'><strong>colo.</strong></span> <span class='ocrx_word' id='word_1_511' title='bbox 2851 3678 3055 3731; x_wconf 83' lang='lat' dir='ltr'><strong>contin-</strong></span> 
     </span>
     <span class='ocr_line' id='line_1_47' title="bbox 714 3744 3055 3816; baseline 0.001 -18"><span class='ocrx_word' id='word_1_512' title='bbox 714 3749 811 3810; x_wconf 62' lang='lat' dir='ltr'><strong>gat</strong></span> <span class='ocrx_word' id='word_1_513' title='bbox 844 3744 1133 3813; x_wconf 84' lang='lat' dir='ltr'><strong>aliquando</strong></span> <span class='ocrx_word' id='word_1_514' title='bbox 1168 3760 1227 3798; x_wconf 89' lang='lat' dir='ltr'><strong>eo</strong></span> <span class='ocrx_word' id='word_1_515' title='bbox 1260 3747 1533 3814; x_wconf 77' lang='lat' dir='ltr'><strong>pervenire</strong></span> <span class='ocrx_word' id='word_1_516' title='bbox 1566 3746 1769 3815; x_wconf 78' lang='lat' dir='ltr'><strong>gloriae</strong></span> <span class='ocrx_word' id='word_1_517' title='bbox 1805 3748 2069 3816; x_wconf 72' lang='lat' dir='ltr'><strong>poeticae,</strong></span> <span class='ocrx_word' id='word_1_518' title='bbox 2110 3762 2213 3815; x_wconf 87' lang='lat' dir='ltr'><strong>quo</strong></span> <span class='ocrx_word' id='word_1_519' title='bbox 2248 3749 2311 3800; x_wconf 90' lang='lat' dir='ltr'><strong>tu</strong></span> <span class='ocrx_word' id='word_1_520' title='bbox 2349 3746 2454 3799; x_wconf 89' lang='lat' dir='ltr'><strong>iam</strong></span> <span class='ocrx_word' id='word_1_521' title='bbox 2504 3744 2704 3799; x_wconf 87' lang='lat' dir='ltr'><strong>dudum</strong></span> <span class='ocrx_word' id='word_1_522' title='bbox 2752 3745 3055 3814; x_wconf 81' lang='lat' dir='ltr'><strong>pervenisti.</strong></span> 
     </span>
     <span class='ocr_line' id='line_1_48' title="bbox 715 3812 3055 3883; baseline 0 -17"><span class='ocrx_word' id='word_1_523' title='bbox 715 3813 1071 3867; x_wconf 80' lang='lat' dir='ltr'><strong>Consentiunt</strong></span> <span class='ocrx_word' id='word_1_524' title='bbox 1108 3828 1311 3866; x_wconf 87' lang='lat' dir='ltr'><strong>mecum</strong></span> <span class='ocrx_word' id='word_1_525' title='bbox 1334 3812 1541 3868; x_wconf 78' lang='lat' dir='ltr'><strong>Ladew.</strong></span> <span class='ocrx_word' id='word_1_526' title='bbox 1579 3819 1634 3868; x_wconf 89' lang='lat' dir='ltr'><strong>et</strong></span> <span class='ocrx_word' id='word_1_527' title='bbox 1663 3814 1908 3870; x_wconf 87' lang='lat' dir='ltr'><strong>Gebauer</strong></span> <span class='ocrx_word' id='word_1_528' title='bbox 1943 3815 2009 3869; x_wconf 85' lang='lat' dir='ltr'><strong>de</strong></span> <span class='ocrx_word' id='word_1_529' title='bbox 2047 3817 2187 3883; x_wconf 70' lang='lat' dir='ltr'><strong>poet.</strong></span> <span class='ocrx_word' id='word_1_530' title='bbox 2234 3813 2277 3866; x_wconf 90' lang='lat'><strong>1.</strong></span> <span class='ocrx_word' id='word_1_531' title='bbox 2321 3832 2372 3883; x_wconf 88' lang='lat' dir='ltr'><strong>p.</strong></span> <span class='ocrx_word' id='word_1_532' title='bbox 2414 3817 2531 3866; x_wconf 85' lang='grc'><strong>220.</strong></span> <span class='ocrx_word' id='word_1_533' title='bbox 2573 3818 2820 3867; x_wconf 86' lang='lat' dir='ltr'><strong>accurate</strong></span> <span class='ocrx_word' id='word_1_534' title='bbox 2858 3813 2923 3868; x_wconf 86' lang='lat' dir='ltr'><strong>de</strong></span> <span class='ocrx_word' id='word_1_535' title='bbox 2958 3812 3055 3867; x_wconf 88' lang='lat' dir='ltr'><strong>hoc</strong></span> 
     </span>
     <span class='ocr_line' id='line_1_49' title="bbox 716 3879 3058 3951; baseline 0 -16"><span class='ocrx_word' id='word_1_536' title='bbox 716 3882 828 3935; x_wconf 85' lang='lat' dir='ltr'><strong>loco</strong></span> <span class='ocrx_word' id='word_1_537' title='bbox 863 3880 1160 3949; x_wconf 84' lang='lat' dir='ltr'><strong>disputans.</strong></span> <span class='ocrx_word' id='word_1_538' title='bbox 1197 3912 1261 3920; x_wconf 96' lang='lat'><strong>—</strong></span> <span class='ocrx_word' id='word_1_539' title='bbox 1299 3879 1389 3940; x_wconf 80' lang='lat'><strong>89.</strong></span> <span class='ocrx_word' id='word_1_540' title='bbox 1427 3882 1681 3951; x_wconf 85' lang='lat' dir='ltr'><strong>Sequitur</strong></span> <span class='ocrx_word' id='word_1_541' title='bbox 1717 3881 1947 3937; x_wconf 84' lang='lat' dir='ltr'><strong>alterum</strong></span> <span class='ocrx_word' id='word_1_542' title='bbox 1986 3887 2197 3936; x_wconf 83' lang='lat' dir='ltr'><strong>votum:</strong></span> <span class='ocrx_word' id='word_1_543' title='bbox 2244 3882 2317 3935; x_wconf 88' lang='lat' dir='ltr'><strong>sit</strong></span> <span class='ocrx_word' id='word_1_544' title='bbox 2355 3886 2466 3935; x_wconf 87' lang='lat' dir='ltr'><strong>tam</strong></span> <span class='ocrx_word' id='word_1_545' title='bbox 2510 3881 2659 3935; x_wconf 78' lang='lat' dir='ltr'><strong>felix.</strong></span> <span class='ocrx_word' id='word_1_546' title='bbox 2699 3887 2758 3935; x_wconf 85' lang='lat' dir='ltr'><strong>ut</strong></span> <span class='ocrx_word' id='word_1_547' title='bbox 2801 3882 2846 3934; x_wconf 91' lang='lat' dir='ltr'><strong>ei</strong></span> <span class='ocrx_word' id='word_1_548' title='bbox 2880 3882 3058 3935; x_wconf 86' lang='lat' dir='ltr'><strong>omnia</strong></span> 
     </span>
     <span class='ocr_line' id='line_1_50' title="bbox 716 3949 3056 4028; baseline 0 -27"><span class='ocrx_word' id='word_1_549' title='bbox 716 3951 902 4028; x_wconf 84' lang='lat' dir='ltr'><strong>sponte</strong></span> <span class='ocrx_word' id='word_1_550' title='bbox 942 3949 1244 4014; x_wconf 61' lang='lat' dir='ltr'><strong>obtingant.</strong></span> <span class='ocrx_word' id='word_1_551' title='bbox 1321 3949 1732 4004; x_wconf 85' lang='lat' dir='ltr'><strong>uemadmodum</strong></span> <span class='ocrx_word' id='word_1_552' title='bbox 1771 3966 1933 4004; x_wconf 85' lang='lat' dir='ltr'><strong>aurea</strong></span> <span class='ocrx_word' id='word_1_553' title='bbox 1969 3953 2173 4004; x_wconf 83' lang='lat' dir='ltr'><strong>aetate:</strong></span> <span class='ocrx_word' id='word_1_554' title='bbox 2221 3965 2342 4002; x_wconf 86' lang='lat' dir='ltr'><strong>nam</strong></span> <span class='ocrx_word' id='word_1_555' title='bbox 2391 3965 2613 4003; x_wconf 85' lang='lat' dir='ltr'><strong>aureum</strong></span> <span class='ocrx_word' id='word_1_556' title='bbox 2655 3949 2925 4003; x_wconf 87' lang='lat' dir='ltr'><strong>saeculum</strong></span> <span class='ocrx_word' id='word_1_557' title='bbox 2972 3949 3056 4002; x_wconf 87' lang='lat' dir='ltr'><strong>hic</strong></span> 
     </span>
     <span class='ocr_line' id='line_1_51' title="bbox 716 4016 3053 4139; baseline 0 -69"><span class='ocrx_word' id='word_1_558' title='bbox 716 4016 1002 4138; x_wconf 61' lang='lat' dir='ltr'><strong>ffiificari</strong></span> <span class='ocrx_word' id='word_1_559' title='bbox 1026 4016 1227 4138; x_wconf 56' lang='lat' dir='ltr'><strong>¹deffien‘t</strong></span> <span class='ocrx_word' id='word_1_560' title='bbox 1311 4016 1617 4139; x_wconf 45' lang='grc' dir='ltr'><strong>οῙΕηῙιὲὲὃῖὃ.</strong></span> <span class='ocrx_word' id='word_1_561' title='bbox 1656 4023 1717 4097; x_wconf 41' lang='lat' dir='ltr'><strong>et·</strong></span> <span class='ocrx_word' id='word_1_562' title='bbox 1749 4022 1830 4071; x_wconf 82' lang='lat'><strong>30.</strong></span> <span class='ocrx_word' id='word_1_563' title='bbox 1870 4016 2341 4139; x_wconf 57' lang='lat' dir='ltr'><strong>interlisetcollati.</strong></span> <span class='ocrx_word' id='word_1_564' title='bbox 2414 4018 2519 4085; x_wconf 74' lang='lat' dir='ltr'><strong>[Sic</strong></span> <span class='ocrx_word' id='word_1_565' title='bbox 2552 4017 2908 4136; x_wconf 45' lang='lat' dir='ltr'><strong>nppeloeum·</strong></span> <span class='ocrx_word' id='word_1_566' title='bbox 2937 4034 3053 4071; x_wconf 87' lang='lat' dir='ltr'><strong>cum</strong></span> 
     </span>
     <span class='ocr_line' id='line_1_52' title="bbox 716 4089 3054 4231; baseline 0 -25"><span class='ocrx_word' id='word_1_567' title='bbox 716 4100 1102 4222; x_wconf 59' lang='grc' dir='ltr'><strong>αῑφῖεἶὲῃΐὲω,</strong></span> <span class='ocrx_word' id='word_1_568' title='bbox 1140 4100 1273 4231; x_wconf 58' lang='grc' dir='ltr'><strong>ξὲᾱ.</strong></span> <span class='ocrx_word' id='word_1_569' title='bbox 1289 4101 2305 4223; x_wconf 47' lang='lat' dir='ltr'><strong>&#39;5100881321&#39;31231‘53312553‘122{2⁰33}ss</strong></span> <span class='ocrx_word' id='word_1_570' title='bbox 2337 4089 2910 4216; x_wconf 54' lang='lat' dir='ltr'><strong>ffssssxi·fl.ssxz”„‘{{⁰1i¹;</strong></span> <span class='ocrx_word' id='word_1_571' title='bbox 2930 4102 3054 4223; x_wconf 64' lang='grc' dir='ltr'><strong>Ρῗξὲῗ</strong></span> 
     </span>
     <span class='ocr_line' id='line_1_53' title="bbox 716 4220 3053 4291; baseline 0 -16"><span class='ocrx_word' id='word_1_572' title='bbox 716 4221 824 4275; x_wconf 83' lang='lat' dir='ltr'><strong>tica</strong></span> <span class='ocrx_word' id='word_1_573' title='bbox 841 4223 1104 4291; x_wconf 86' lang='lat' dir='ltr'><strong>tantaque</strong></span> <span class='ocrx_word' id='word_1_574' title='bbox 1128 4236 1175 4274; x_wconf 80' lang='lat' dir='ltr'><strong>ei</strong></span> <span class='ocrx_word' id='word_1_575' title='bbox 1209 4221 1489 4285; x_wconf 66' lang='lat' dir='ltr'><strong>contingat</strong></span> <span class='ocrx_word' id='word_1_576' title='bbox 1521 4220 1741 4274; x_wconf 88' lang='lat' dir='ltr'><strong>canendi</strong></span> <span class='ocrx_word' id='word_1_577' title='bbox 1776 4222 2027 4276; x_wconf 80' lang='lat' dir='ltr'><strong>facultas.</strong></span> <span class='ocrx_word' id='word_1_578' title='bbox 2065 4237 2171 4289; x_wconf 87' lang='lat' dir='ltr'><strong>qua</strong></span> <span class='ocrx_word' id='word_1_579' title='bbox 2204 4221 2287 4274; x_wconf 82' lang='lat' dir='ltr'><strong>vel</strong></span> <span class='ocrx_word' id='word_1_580' title='bbox 2322 4221 2520 4274; x_wconf 81' lang='lat' dir='ltr'><strong>siccum</strong></span> <span class='ocrx_word' id='word_1_581' title='bbox 2547 4226 2602 4274; x_wconf 87' lang='lat' dir='ltr'><strong>et</strong></span> <span class='ocrx_word' id='word_1_582' title='bbox 2626 4220 2757 4275; x_wconf 83' lang='lat' dir='ltr'><strong>exile</strong></span> <span class='ocrx_word' id='word_1_583' title='bbox 2772 4236 3053 4284; x_wconf 64' lang='lat' dir='ltr'><strong>arumnen-</strong></span> 
     </span>
     <span class='ocr_line' id='line_1_54' title="bbox 716 4288 3057 4357; baseline 0 -15"><span class='ocrx_word' id='word_1_584' title='bbox 716 4292 832 4342; x_wconf 83' lang='lat' dir='ltr'><strong>tum</strong></span> <span class='ocrx_word' id='word_1_585' title='bbox 879 4289 959 4342; x_wconf 86' lang='lat' dir='ltr'><strong>ita</strong></span> <span class='ocrx_word' id='word_1_586' title='bbox 1001 4288 1215 4343; x_wconf 85' lang='lat' dir='ltr'><strong>evehere</strong></span> <span class='ocrx_word' id='word_1_587' title='bbox 1263 4290 1457 4357; x_wconf 83' lang='lat' dir='ltr'><strong>possit,</strong></span> <span class='ocrx_word' id='word_1_588' title='bbox 1521 4293 1581 4341; x_wconf 85' lang='lat' dir='ltr'><strong>ut</strong></span> <span class='ocrx_word' id='word_1_589' title='bbox 1628 4289 1853 4343; x_wconf 79' lang='lat' dir='ltr'><strong>lectores</strong></span> <span class='ocrx_word' id='word_1_590' title='bbox 1909 4288 2183 4343; x_wconf 79' lang='lat' dir='ltr'><strong>mirificam</strong></span> <span class='ocrx_word' id='word_1_591' title='bbox 2238 4288 2358 4342; x_wconf 84' lang='lat' dir='ltr'><strong>inde</strong></span> <span class='ocrx_word' id='word_1_592' title='bbox 2414 4305 2477 4342; x_wconf 87' lang='lat' dir='ltr'><strong>ca</strong></span> <span class='ocrx_word' id='word_1_593' title='bbox 2514 4289 2628 4342; x_wconf 82' lang='lat' dir='ltr'><strong>iant</strong></span> <span class='ocrx_word' id='word_1_594' title='bbox 2684 4288 3057 4357; x_wconf 73' lang='lat' dir='ltr'><strong>voluptatem]</strong></span> 
     </span>
     <span class='ocr_line' id='line_1_55' title="bbox 719 4355 3057 4425; baseline 0 -16"><span class='ocrx_word' id='word_1_595' title='bbox 719 4356 802 4409; x_wconf 82' lang='lat' dir='ltr'><strong>Cf.</strong></span> <span class='ocrx_word' id='word_1_596' title='bbox 843 4361 1022 4409; x_wconf 83' lang='lat' dir='ltr'><strong>autem</strong></span> <span class='ocrx_word' id='word_1_597' title='bbox 1064 4356 1264 4409; x_wconf 81' lang='lat' dir='ltr'><strong>similes</strong></span> <span class='ocrx_word' id='word_1_598' title='bbox 1298 4357 1397 4410; x_wconf 86' lang='lat' dir='ltr'><strong>loci</strong></span> <span class='ocrx_word' id='word_1_599' title='bbox 1433 4356 1650 4410; x_wconf 85' lang='lat' dir='ltr'><strong>Theocr.</strong></span> <span class='ocrx_word' id='word_1_600' title='bbox 1692 4358 1744 4416; x_wconf 81' lang='lat'><strong>1.</strong></span> <span class='ocrx_word' id='word_1_601' title='bbox 1790 4361 1902 4411; x_wconf 86' lang='lat'><strong>130.</strong></span> <span class='ocrx_word' id='word_1_602' title='bbox 1942 4357 2005 4416; x_wconf 81' lang='lat' dir='ltr'><strong>V,</strong></span> <span class='ocrx_word' id='word_1_603' title='bbox 2049 4360 2141 4410; x_wconf 80' lang='lat'><strong>125</strong></span> <span class='ocrx_word' id='word_1_604' title='bbox 2181 4374 2261 4425; x_wconf 86' lang='lat' dir='ltr'><strong>sq.</strong></span> <span class='ocrx_word' id='word_1_605' title='bbox 2302 4361 2352 4410; x_wconf 83' lang='lat' dir='ltr'><strong>et</strong></span> <span class='ocrx_word' id='word_1_606' title='bbox 2395 4356 2473 4410; x_wconf 81' lang='lat' dir='ltr'><strong>Ge</strong></span> <span class='ocrx_word' id='word_1_607' title='bbox 2513 4372 2643 4410; x_wconf 87' lang='lat' dir='ltr'><strong>auer</strong></span> <span class='ocrx_word' id='word_1_608' title='bbox 2680 4355 2716 4409; x_wconf 94' lang='lat' dir='ltr'><strong>l.</strong></span> <span class='ocrx_word' id='word_1_609' title='bbox 2755 4357 2791 4409; x_wconf 94' lang='lat' dir='ltr'><strong>l.</strong></span> <span class='ocrx_word' id='word_1_610' title='bbox 2848 4359 3057 4411; x_wconf 73' lang='lat' dir='ltr'><strong>Mella</strong></span> 
     </span>
     <span class='ocr_line' id='line_1_56' title="bbox 717 4423 3057 4491; baseline 0.001 -15"><span class='ocrx_word' id='word_1_611' title='bbox 717 4424 966 4491; x_wconf 73' lang='lat' dir='ltr'><strong>fluant.</strong></span> <span class='ocrx_word' id='word_1_612' title='bbox 1007 4423 1125 4477; x_wconf 83' lang='lat' dir='ltr'><strong>vid.</strong></span> <span class='ocrx_word' id='word_1_613' title='bbox 1147 4423 1354 4479; x_wconf 81' lang='lat' dir='ltr'><strong>adnott.</strong></span> <span class='ocrx_word' id='word_1_614' title='bbox 1382 4425 1450 4478; x_wconf 85' lang='lat' dir='ltr'><strong>ad</strong></span> <span class='ocrx_word' id='word_1_615' title='bbox 1479 4423 1587 4479; x_wconf 81' lang='lat' dir='ltr'><strong>Ecl.</strong></span> <span class='ocrx_word' id='word_1_616' title='bbox 1610 4425 1685 4479; x_wconf 89' lang='lat' dir='ltr'><strong>IV</strong></span> <span class='ocrx_word' id='word_1_617' title='bbox 1693 4468 1703 4482; x_wconf 83' lang='lat'><strong>.</strong></span> <span class='ocrx_word' id='word_1_618' title='bbox 1727 4430 1810 4480; x_wconf 83' lang='lat'><strong>30.</strong></span> <span class='ocrx_word' id='word_1_619' title='bbox 1833 4458 1896 4465; x_wconf 88' lang='lat'><em>—</em></span> <span class='ocrx_word' id='word_1_620' title='bbox 1922 4426 2138 4484; x_wconf 76' lang='lat' dir='ltr'><strong>rubus,</strong></span> <span class='ocrx_word' id='word_1_621' title='bbox 2178 4424 2347 4491; x_wconf 79' lang='grc' dir='ltr'><strong><em>βάτος</em></strong></span> <span class='ocrx_word' id='word_1_622' title='bbox 2372 4425 2711 4478; x_wconf 75' lang='lat' dir='ltr'><strong>Graecorum.</strong></span> <span class='ocrx_word' id='word_1_623' title='bbox 2740 4426 2841 4476; x_wconf 79' lang='lat' dir='ltr'><strong>der</strong></span> <span class='ocrx_word' id='word_1_624' title='bbox 2859 4425 3057 4478; x_wconf 83' lang='lat' dir='ltr'><strong>Brom-</strong></span> 
     </span>
     <span class='ocr_line' id='line_1_57' title="bbox 721 4491 3055 4554; baseline 0.002 -12"><span class='ocrx_word' id='word_1_625' title='bbox 721 4493 1086 4554; x_wconf 69' lang='lat' dir='ltr'><strong>beerstrauclae‚</strong></span> <span class='ocrx_word' id='word_1_626' title='bbox 1130 4492 1280 4545; x_wconf 87' lang='lat' dir='ltr'><strong>cuius</strong></span> <span class='ocrx_word' id='word_1_627' title='bbox 1323 4492 1532 4547; x_wconf 84' lang='lat' dir='ltr'><strong>fructus</strong></span> <span class='ocrx_word' id='word_1_628' title='bbox 1575 4511 1731 4548; x_wconf 78' lang='lat' dir='ltr'><strong>mora</strong></span> <span class='ocrx_word' id='word_1_629' title='bbox 1778 4494 2121 4547; x_wconf 85' lang='lat' dir='ltr'><strong>vocabantur.</strong></span> <span class='ocrx_word' id='word_1_630' title='bbox 2200 4492 2282 4546; x_wconf 77' lang='lat' dir='ltr'><strong>Cf.</strong></span> <span class='ocrx_word' id='word_1_631' title='bbox 2329 4491 2455 4545; x_wconf 77' lang='lat' dir='ltr'><strong>Gen.</strong></span> <span class='ocrx_word' id='word_1_632' title='bbox 2505 4491 2605 4547; x_wconf 85' lang='lat'><strong>111.</strong></span> <span class='ocrx_word' id='word_1_633' title='bbox 2652 4496 2767 4545; x_wconf 78' lang='lat'><strong>315.</strong></span> <span class='ocrx_word' id='word_1_634' title='bbox 2821 4492 3055 4547; x_wconf 88' lang='lat' dir='ltr'><strong>Dioscor.</strong></span> 
     </span>
     <span class='ocr_line' id='line_1_58' title="bbox 721 4557 3058 4631; baseline 0.002 -21"><span class='ocrx_word' id='word_1_635' title='bbox 721 4557 813 4620; x_wconf 82' lang='lat' dir='ltr'><strong>IV,</strong></span> <span class='ocrx_word' id='word_1_636' title='bbox 851 4562 932 4612; x_wconf 73' lang='lat'><strong>37.</strong></span> <span class='ocrx_word' id='word_1_637' title='bbox 967 4558 1225 4629; x_wconf 87' lang='lat' dir='ltr'><strong>Theophr.</strong></span> <span class='ocrx_word' id='word_1_638' title='bbox 1256 4559 1310 4613; x_wconf 89' lang='lat' dir='ltr'><strong>h.</strong></span> <span class='ocrx_word' id='word_1_639' title='bbox 1350 4560 1422 4631; x_wconf 89' lang='lat' dir='ltr'><strong>pl.</strong></span> <span class='ocrx_word' id='word_1_640' title='bbox 1458 4561 1502 4618; x_wconf 93' lang='lat' dir='ltr'><strong>l.</strong></span> <span class='ocrx_word' id='word_1_641' title='bbox 1540 4565 1589 4616; x_wconf 81' lang='lat'><strong>5.</strong></span> <span class='ocrx_word' id='word_1_642' title='bbox 1628 4562 1698 4620; x_wconf 86' lang='lat' dir='ltr'><strong>n.</strong></span> <span class='ocrx_word' id='word_1_643' title='bbox 1742 4566 1817 4616; x_wconf 83' lang='lat'><strong>16.</strong></span> <span class='ocrx_word' id='word_1_644' title='bbox 1862 4561 2004 4615; x_wconf 90' lang='lat' dir='ltr'><strong>Plin.</strong></span> <span class='ocrx_word' id='word_1_645' title='bbox 2041 4560 2181 4618; x_wconf 71' lang='lat' dir='ltr'><strong>XVI.</strong></span> <span class='ocrx_word' id='word_1_646' title='bbox 2221 4564 2301 4620; x_wconf 73' lang='lat'><strong>37,</strong></span> <span class='ocrx_word' id='word_1_647' title='bbox 2334 4562 2416 4613; x_wconf 79' lang='lat'><strong>71.</strong></span> <span class='ocrx_word' id='word_1_648' title='bbox 2450 4558 2644 4618; x_wconf 80' lang='lat' dir='ltr'><strong>XXIV.</strong></span> <span class='ocrx_word' id='word_1_649' title='bbox 2674 4563 2750 4616; x_wconf 82' lang='grc'><strong>14.</strong></span> <span class='ocrx_word' id='word_1_650' title='bbox 2782 4563 2863 4613; x_wconf 80' lang='grc'><strong>74.</strong></span> <span class='ocrx_word' id='word_1_651' title='bbox 2928 4560 3058 4615; x_wconf 89' lang='lat' dir='ltr'><strong>Pro-</strong></span> 
     </span>
     <span class='ocr_line' id='line_1_59' title="bbox 721 4626 3054 4699; baseline 0 -18"><span class='ocrx_word' id='word_1_652' title='bbox 721 4629 841 4694; x_wconf 85' lang='lat' dir='ltr'><strong>pter</strong></span> <span class='ocrx_word' id='word_1_653' title='bbox 863 4626 1073 4681; x_wconf 84' lang='lat' dir='ltr'><strong>aculeos</strong></span> <span class='ocrx_word' id='word_1_654' title='bbox 1107 4643 1152 4682; x_wconf 90' lang='lat' dir='ltr'><strong>s.</strong></span> <span class='ocrx_word' id='word_1_655' title='bbox 1189 4627 1386 4697; x_wconf 86' lang='lat' dir='ltr'><strong>spinas,</strong></span> <span class='ocrx_word' id='word_1_656' title='bbox 1427 4629 1622 4699; x_wconf 89' lang='lat' dir='ltr'><strong>quibus</strong></span> <span class='ocrx_word' id='word_1_657' title='bbox 1657 4631 1892 4684; x_wconf 86' lang='lat' dir='ltr'><strong>consitus</strong></span> <span class='ocrx_word' id='word_1_658' title='bbox 1930 4632 2036 4692; x_wconf 86' lang='lat' dir='ltr'><strong>est,</strong></span> <span class='ocrx_word' id='word_1_659' title='bbox 2095 4628 2405 4698; x_wconf 88' lang='lat' dir='ltr'><strong>sepimentis</strong></span> <span class='ocrx_word' id='word_1_660' title='bbox 2438 4627 2712 4682; x_wconf 73' lang='lat' dir='ltr'><strong>horterum</strong></span> <span class='ocrx_word' id='word_1_661' title='bbox 2752 4631 2931 4697; x_wconf 84' lang='lat' dir='ltr'><strong>aptus.</strong></span> <span class='ocrx_word' id='word_1_662' title='bbox 2971 4628 3054 4682; x_wconf 82' lang='lat' dir='ltr'><strong>cf.</strong></span> 
     </span>
    </p>
   </div>
  </div>
 </body>
</html>
