3616 5026
632 220 753 282 452
1340 215 1414 282 Ρ.
1456 214 1830 282 VERGILI
1866 214 2267 283 MARONIS

631 381 952 462 Flumina,
996 403 1115 446 nec
1150 404 1407 446 somnos
1452 382 1779 471 abrumpit
1822 404 1980 448 cura
2022 382 2318 449 salubris.
2584 446 2591 450 ,
2847 393 2948 446 530

633 463 952 552 Tempore
993 487 1120 528 non
1162 464 1289 530 alio
1334 465 1553 531 dicunt
1595 466 1965 552 regionibus
2006 467 2135 532 illis

633 547 976 628 Quaesitus
1019 548 1104 611 ad
1147 570 1332 613 sacra
1375 549 1574 614 boves
1617 550 1879 614 lunonis
1920 561 1984 615 et
2023 552 2160 615 uris

628 629 974 717 Inparibus
1016 630 1238 695 ductos
1281 632 1413 696 alta
1451 632 1537 697 ad
1580 631 1854 698 donaria
1895 656 2144 698 curruS.

631 713 809 799 Ergo
855 736 1049 799 aegre
1092 718 1317 778 rastris
1361 727 1602 780 terram
1644 719 1959 780 rimantur
2003 727 2066 780 et
2105 716 2265 802 ipsis

635 796 973 881 Unguibus
1017 797 1336 862 infodiunt
1375 802 1596 884 fruges
1640 799 2001 886 montisque
2042 822 2160 886 per
2202 798 2366 862 altos
2849 808 2949 859 535

631 880 949 945 Contenta
995 883 1244 946 cervice
1289 881 1555 947 trahunt
1598 881 1938 948 stridentia
1978 881 2288 970 plaustra.

627 1097 743 1150 vid.
780 1097 987 1151 adnott.
1025 1098 1091 1151 ad
1130 1099 1238 1152 Ecl.
1289 1098 1437 1158 VIII,
1478 1102 1559 1152 28.
1605 1103 1662 1153 et
1704 1117 1867 1171 supra
1904 1101 1972 1155 ad
2009 1104 2196 1154 v.379.
2232 1130 2294 1139 —
2338 1097 2466 1160 529.
2495 1095 2624 1159 530.
2660 1096 2952 1150 exercita

625 1183 817 1219 cursu
849 1165 1181 1231 Flumina,
1227 1167 1440 1220 assiduo
1484 1184 1643 1221 cursu
1683 1170 1907 1238 agitata.
1977 1168 2165 1236 Wagu.
2212 1168 2354 1222 enim
2400 1170 2542 1220 recte
2580 1165 2824 1226 adnotat,
2866 1163 2952 1217 his

624 1234 797 1285 verbis
831 1233 1118 1301 significari
1171 1251 1361 1304 aquam
1400 1240 1726 1298 currentem,
1773 1236 2069 1306 limpidam,
2104 1252 2210 1289 non
2246 1237 2612 1304 stagnantem:
2658 1246 2819 1302 quam
2861 1247 2951 1284 ex-

624 1300 961 1370 plicationem
997 1302 1257 1370 requirat.
1313 1304 1452 1373 quod
1491 1305 1869 1371 praecesserit,
1918 1304 2127 1373 liquidi
2154 1307 2351 1369 fontes.
2421 1302 2504 1355 cf.
2547 1301 2676 1354 Hor.
2713 1299 2815 1353 Od.
2853 1298 2948 1363 IV,

627 1373 704 1431 14,
748 1373 826 1422 19.
862 1369 1169 1423 Indomita-*s
1194 1389 1375 1440 prope
1412 1372 1595 1438 qualis
1626 1375 1810 1425 undae
1845 1376 2074 1425 Exercet
2107 1373 2322 1424 Auster.
2358 1368 2443 1423 Sic
2482 1369 2645 1423 etiam
2677 1366 2835 1421 Lucr.
2873 1367 2950 1430 Π,

622 1443 701 1489 96.
740 1436 805 1490 de
840 1438 1060 1490 atomis:
1098 1440 1335 1490 oulse‘duo
1360 1439 1625 1518 variogpce
1652 1441 1887 1492 exercita
1911 1448 2077 1492 motta.
2114 1439 2234 1492 Vid.
2262 1439 2424 1492 etiam
2442 1438 2641 1490 AmeiS.
2679 1435 2734 1488 in
2768 1433 2953 1488 Jahnii

625 1505 758 1557 Nor.
797 1505 989 1558 Annal.
1014 1505 1178 1557 LXII.
1220 1523 1266 1574 p.
1305 1510 1409 1566 45..
1449 1523 1536 1574 qm
1578 1512 1853 1575 comparat
1890 1507 2018 1560 Hor.
2058 1507 2154 1575 Ep.
2192 1507 2235 1570 Ι,
2261 1511 2311 1568 2,
2346 1511 2430 1558 43.
2468 1504 2682 1570 (amnis)
2716 1503 2954 1580 Lacutur

617 1578 666 1623 et
697 1572 909 1625 labetur
941 1575 1000 1624 in
1034 1589 1186 1624 omne
1210 1573 1468 1626 volubilis
1500 1591 1702 1627 aetnam.
1736 1575 1936 1628 Wakef.
1970 1574 2039 1628 ad
2075 1574 2230 1629 Lucr.
2282 1573 2347 1639 V,
2372 1577 2489 1625 263.
2518 1573 2725 1626 confert
2747 1569 2948 1624 Minue.

620 1639 781 1694 Fene.
831 1646 925 1700 17„
972 1656 1127 1709 quem
1173 1658 1232 1694 ex
1271 1640 1492 1709 Vergilii
1525 1640 1825 1696 imitatione
1858 1647 2020 1712 putat
2054 1642 2355 1710 scripsisse:
2414 1640 2553 1693 Vide
2572 1644 2795 1718 sontes:
2837 1654 2951 1691 ma-

621 1715 753 1760 nant
805 1709 956 1761 venie
987 1710 1340 1778 perennibus3
1391 1710 1599 1777 stu-vioe
1654 1712 1880 1762 intuere:
1932 1717 2057 1762 eunt
2103 1726 2314 1780 semper
2356 1709 2580 1761 exercitt
2634 1721 2749 1775 (pro
2800 1705 2949 1774 vulg.

620 1777 888 1828 exercitat)
925 1776 1185 1845 lapsibus.
1231 1776 1406 1843 [Prius
1444 1792 1564 1830 cum
1589 1776 1775 1832 Burni.
1813 1776 2036 1847 aliisque
2073 1783 2271 1831 temere
2305 1793 2334 1831 e
2402 1775 2555 1828 licui:
2590 1773 2749 1842 longo
2791 1788 2949 1826 cursu

617 1851 824 1904 vexata,
849 1843 1097 1910 fatigata.
1136 1848 1195 1896 ut
1223 1848 1407 1908 fessae
1441 1846 1721 1897 erroribus
1734 1847 1917 1899 undae
1930 1861 2016 1914 ap.
2044 1845 2198 1898 ovid.
2223 1845 2353 1898 Met.
2411 1884 2424 1904 ‚
2465 1842 2953 1909 582.]—somnos

614 1911 949 1980 abrumpit
985 1929 1166 1963 curo.
1236 1912 1320 1965 Sic
1352 1912 1510 1965 etiam
1551 1912 1705 1965 ovid.
1751 1913 1871 1966 Am.
1909 1913 1990 1976 11,
2041 1917 2128 1976 10,
2178 1918 2256 1967 19.
2301 1914 2378 1964 At
2409 1912 2547 1963 mihi
2574 1925 2765 1963 saevus
2795 1924 2954 1962 amor

617 1995 832 2030 somnos
878 1979 1168 2048 abrumpat
1218 1981 1411 2032 ἐπεῖ-ωε
1463 1984 1518 2032 et
1568 1995 1627 2032 ex
1661 1980 1836 2034 Ponto
1875 1981 1985 2042 ΙΙΙ,
2037 1986 2084 2044 6,
2132 1985 2213 2033 55.
2284 1980 2402 2032 Nec
2437 1986 2614 2032 tamen
2654 1978 2754 2029 iste
2782 1984 2953 2029 meme

612 2063 826 2098 corvinos
859 2044 961 2097 tibi
987 2064 1235 2115 rumpere
1266 2049 1458 2117 possit.
1532 2046 1613 2100 Cf.
1643 2049 1806 2102 etiam
1843 2048 1973 2101 Hor.
2000 2047 2099 2116 Ep.
2136 2047 2179 2108 Ι,
2224 2053 2300 2109 10,
2342 2051 2420 2100 18.
2457 2046 2562 2098 Est
2592 2044 2690 2097 ubi
2718 2044 2949 2097 divellat

613 2130 829 2166 somnos
859 2115 1038 2166 minue
1073 2115 1261 2168 invida
1300 2116 1478 2167 cura-²
1512 2115 1690 2185 ibique
1724 2116 1924 2170 Obbar.
1962 2116 2114 2168 Fasc.
2156 2115 2221 2167 V.
2256 2132 2308 2184 p.
2348 2117 2428 2166 64.
2465 2116 2523 2167 et
2555 2111 2717 2167 Orell.
2739 2110 2944 2172 -531,

617 2179 787 2245 „Tum
822 2181 1025 2235 factum
1060 2199 1174 2236 esse
1213 2185 1362 2236 aiunt
1398 2182 1469 2240 id.
1512 2183 1653 2252 quod
1689 2183 1837 2237 nullo
1872 2183 1979 2237 alio
2014 2189 2253 2252 tempore
2290 2182 2345 2235 in
2380 2181 2504 2234 istis
2536 2181 2696 2253 terris
2733 2178 2948 2240 accidit,

616 2260 677 2300 ut
703 2249 921 2315 penuria
939 2248 1284 2303 candidarum
1306 2266 1586 2303 vaccarum
1613 2258 1754 2304 esset
1788 2251 1857 2304 ad
1891 2267 2003 2304 rem
2024 2257 2287 2305 sacram.“
2322 2250 2503 2318 Heyu.
2570 2248 2946 2312 Quaesitae,

614 2315 942 2369 desideratas
978 2334 1108 2370 esse.
1150 2319 1398 2371 defuisse.
1440 2350 1505 2358 —
1540 2316 1667 2378 532.
1704 2316 1833 2379 533.
1870 2319 2048 2381 „Male
2080 2324 2205 2388 post
2228 2318 2469 2371 Servium
2489 2317 2671 2385 Intpp.
2695 2316 2951 2369 lunonem

612 2383 864 2451 Argivam
902 2389 958 2435 et
994 2386 1105 2437 eius
1144 2386 1499 2440 sacerdotem.
1551 2386 1814 2448 filiorum,
1862 2387 2074 2440 Cleobis
2118 2392 2175 2440 et
2220 2386 2453 2445 Bitonis,
2513 2384 2713 2464 pietate
2747 2387 2949 2444 notam,

614 2450 717 2502 huc
761 2451 1038 2504 advocant.
1075 2481 1140 2490 —
1175 2472 1377 2506 sacra
1420 2455 1700 2507 lunonis
1747 2471 1844 2524 pro
1892 2455 2168 2525 quibusvis
2210 2454 2373 2506 sacris
2407 2456 2583 2523 pon1t;
2632 2450 2725 2504 sed
2772 2452 2828 2503 in
2866 2450 2951 2503 his

615 2519 889 2573 nivearum
934 2521 1091 2573 boum
1135 2537 1263 2574 usus
1306 2522 1567 2591 imprimis
1609 2523 1836 2591 insignis
1880 2534 2001 2576 erat
2050 2524 2118 2575 ad
2170 2537 2416 2590 pompam
2461 2520 2589 2575 deae
2633 2518 2948 2573 ducendam.

622 2590 840 2654 [Currus
882 2589 1020 2640 enim
1057 2588 1274 2642 lunonis
1312 2606 1346 2642 a
1380 2590 1590 2643 duobus
1624 2589 1763 2644 albis
1798 2590 1977 2644 bubus
2020 2589 2330 2644 vehebatur.
2418 2588 2612 2659 Itaque
2651 2603 2748 2656 pro
2783 2587 2954 2639 bubus

616 2660 762 2722 [tunc
798 2655 1180 2723 deficientibus]
1216 2657 1443 2722 bufaloe
1475 2666 1620 2724 <nam
1657 2658 1713 2711 hi
1752 2661 1881 2711 sunt
1915 2658 1967 2711 h.
2009 2658 2048 2710 l.
2084 2660 2218 2711 uri:
2269 2657 2323 2709 vi
2364 2698 2375 2709 .
2421 2672 2538 2726 sup.
2584 2654 2652 2709 ad
2699 2654 2828 2708 Geo.
2875 2653 2947 2716 ΙΙ,

616 2725 752 2776 374³
775 2723 954 2776 currui
989 2724 1198 2776 iunctos
1218 2724 1364 2778 dicit.
1403 2757 1469 2765 —
1504 2727 1777 2795 inpares
1804 2725 2005 2794 simpl„
2050 2725 2189 2795 quod
2217 2724 2357 2779 alter
2384 2725 2571 2785 maior,
2596 2722 2736 2777 alter
2760 2723 2948 2783 minor,

614 2788 817 2843 diverso
856 2791 1037 2855 etiam,
1074 2792 1118 2844 si
1139 2792 1330 2860 placet,
1369 2793 1558 2859 colore,
1595 2796 1768 2848 erat.“
1812 2795 1987 2862 Heyu.
2058 2796 2172 2857 Quo
2206 2792 2378 2861 magis
2414 2793 2577 2845 etiam
2604 2794 2835 2858 augetur
2872 2790 2946 2843 rei

614 2858 1033 2913 incommoditas,
1070 2858 1267 2912 AmeiS.
1288 2861 1488 2927 ·Spicil.
1529 2877 1583 2929 p.
1626 2865 1707 2914 37.
1759 2861 1939 2930 paullo
1975 2861 2229 2914 subtilius
2272 2860 2557 2928 inparibus
2590 2857 2949 2926 metaphorice

611 2925 919 2995 capiendum
962 2930 1145 2995 putat,
1194 2932 1292 2985 ..ut
1326 2930 1408 2981 uri
1444 2944 1505 2982 co
1548 2930 1748 2982 'tentur
1765 2969 1777 2993 ‚
1860 2930 1914 2982 ui
1952 2928 2076 2982 huic
2111 2929 2323 2996 negotio
2365 2928 2597 2995 impares
2633 2925 2766 2989 sint,
2815 2925 2850 2977 i.
2897 2942 2944 2978 e.

614 2994 805 3061 quibus
833 2999 1019 3047 contra
1053 2998 1135 3047 fas
1172 2998 1225 3048 et
1260 2994 1423 3048 ritum
1452 3014 1510 3049 so
1557 3012 1763 3050 emnem
1797 2945 1867 3049 ad
1902 2996 2038 3049 illud
2074 2996 2344 3063 negotium
2369 2994 2598 3047 utaris.“
2668 2992 2947 3046 Consentit

611 3076 817 3113 mecum
841 3062 1155 3127 Conington.
1192 3092 1256 3100 -
1291 3064 1626 3129 „donaria
1663 3064 1716 3116 h.
1758 3064 1796 3117 l.
1832 3081 1928 3132 pro
1952 3064 2289 3117 donariorum
2307 3062 2438 3124 loen,
2473 3059 2693 3130 templo,
2727 3064 2791 3114 ut
2816 3061 2947 3130 pul·

611 3130 830 3181 mittar-ia
905 3147 962 3182 ro
1011 3129 1253 3199 templis,
1300 3132 1408 3183 iam
1455 3132 1668 3184 Servius
1711 3132 2010 3200 exposuit.‘⁵
2056 3133 2233 3199 Heyu.
2302 3130 2454 3182 Voss
2503 3136 2628 3198 apte
2673 3132 2948 3197 comparat

612 3196 822 3265 Apulei.
918 3201 986 3249 et.
1025 3197 1119 3250 lx,
1159 3214 1210 3264 p.
1248 3201 1363 3251 221.
1398 3200 1664 3252 cantharo
1700 3207 1751 3251 et
1784 3200 1908 3269 ipso
1943 3200 2266 3264 simulam-0,
2303 3200 2454 3265 quod
2482 3198 2758 3264 yet-ebant,
2795 3197 2951 3265 apud

596 3266 741 3333 favn'
781 3266 1074 3317 donarium
1116 3267 1348 3318 redditis
1389 3275 1439 3319 ct
1487 3269 1829 3320 consecratis.
1875 3297 1941 3306 —
1984 3268 2149 3333 alta,
2196 3265 2248 3318 h.
2294 3282 2336 3318 e.
2384 3263 2493 3318 alte
2529 3268 2824 3328 exstructa,
2874 3262 2943 3316 ad

611 3331 1014 3399 significandam
1052 3333 1254 3401 copiam
1305 3337 1360 3386 et
1403 3335 1857 3402 magnificentiam
1901 3333 2256 3387 donariorum.
2292 3364 2357 3372 —
2415 3330 2548 3392 534.
2586 3331 2809 3393 Peerlk.,
2885 3332 2939 3383 ui

608 3416 660 3468 p.
701 3403 797 3451 267
836 3418 950 3469 sqq.
986 3403 1178 3457 totum.
1218 3401 1306 3468 qui
1335 3403 1578 3470 sequitur
1614 3402 1790 3455 locum
1832 3401 1955 3455 inde
1989 3419 2038 3456 a.
2077 3417 2127 3455 V.
2163 3407 2279 3453 534.
2318 3415 2486 3468 usque
2519 3399 2587 3452 ad
2624 3400 2784 3452 finem
2818 3397 2859 3451 li
2900 3398 2945 3450 ri

610 3484 703 3536 pro
747 3466 1112 3520 additamento
1147 3470 1497 3522 Grammatici
1530 3468 1755 3522 alicuius
1792 3468 1983 3531 habet,
2022 3470 2075 3522 in
2112 3468 2357 3522 omnibus
2394 3471 2504 3521 fero
2549 3467 2661 3520 eius
2696 3465 2939 3520 versibus

611 3534 813 3603 aliquid
861 3542 974 3588 tam
1014 3551 1136 3588 uam
1185 3535 1417 3613 Vergilio
1461 3536 1742 3615 indignum
1785 3538 2074 3615 vituperat.
2144 3540 2474 3604 Quamquam
2521 3541 2703 3614 autem
2758 3534 2940 3602 negari

608 3607 957 3723 ἓῧῗρὲοὲῗέἒ.
991 3618 1138 3723 siff..
1153 3603 2548 3751 ”iiiissssmtffiefiss‚Pinmqffiiffifflessfffflrffifffi
2571 3617 2782 3723 ffit.
2806 3617 2944 3739 {¹222

611 3743 737 3790 sunt
781 3742 836 3791 et
882 3739 988 3791 iam
1034 3738 1252 3791 defensa
1295 3744 1424 3791 sunt
1466 3755 1500 3793 a
1530 3740 1834 3807 Ladewigio
1877 3741 1932 3792 in
1970 3741 2160 3808 Progr.
2207 3739 2433 3791 Hem-tlt.
2476 3743 2577 3791 etc.
2658 3779 2670 3790 .
2723 3742 2784 3791 19
2823 3754 2939 3806 sqq.

609 3806 691 3857 (tf.
727 3806 890 3858 etiam
925 3806 1174 3859 Ribbeck.
1213 3806 1420 3865 Prolee.
1461 3824 1514 3875 p.
1551 3812 1652 3866 47..
1703 3809 1793 3876 qui
1838 3808 2009 3862 docet.
2046 3808 2209 3861 etiam
2244 3806 2496 3859 Senecam
2531 3806 2606 3859 Oe
2648 3847 2658 3857 .
2699 3809 2811 3858 149.
2848 3810 2940 3859 152

610 3888 722 3941 sqq.
765 3879 858 3926 Ῑϋυ
894 3890 1009 3943 sqq.
1051 3873 1190 3928 [coll.
1229 3890 1346 3927 cum
1368 3860 1546 3943 W'erg.
1583 3890 1634 3928 V.
1674 3880 1787 3930 539.
1826 3880 1923 3928 544
1960 3893 2041 3945 sq.
2081 3880 2171 3928 551
2213 3878 2333 3943 sq),
2369 3873 2660 3927 Ausonium
2694 3873 2750 3925 in
2785 3873 2938 3926 Ceut.

607 3949 757 4008 nupt.
797 3956 845 3995 v.
882 3945 965 3995 20.
1004 3941 1143 4006 (coll.
1180 3956 1299 3993 cum
1334 3942 1495 4011 Vei-g.
1541 3952 1588 3995 ν’.
1627 3948 1765 4009 539.)
1810 3948 1863 3996 et
1897 3942 2224 3996 Macrobium
2259 3945 2370 3994 Sat.
2406 3941 2499 4004 Vl,
2550 3944 2595 3994 2.
2632 3940 2816 3993 eadem
2851 3940 2935 3993 hic

609 4006 815 4074 legisse,
845 4025 979 4077 quae
1017 4025 1131 4062 nos
1156 4039 1221 4046 —
1248 4010 1590 4063 rimantur.
1632 4011 1710 4065 Cf.
1738 4010 1921 4064 adnot.
1958 4011 2027 4064 ad
2052 4010 2179 4064 Geo.
2201 4010 2245 4071 1,
2276 4013 2389 4063 384.
2426 4008 2529 4061 Hic
2562 4008 2596 4062 i.
2624 4024 2675 4077 q.
2708 4006 2936 4071 fodiunt,

608 4075 848 4144 singulas
881 4076 1066 4143 glebas
1103 4077 1309 4129 minuto
1347 4084 1524 4130 rastro
1563 4084 1833 4133 vertentes
1867 4084 1923 4131 et
1944 4078 2377 4132 comminuentes,
2446 4076 2531 4130 cf.
2566 4075 2775 4129 Ladew,
2813 4075 2851 4129 l.
2878 4075 2937 4137 1..

608 4144 698 4210 qui
760 4144 956 4209 (minus
1002 4150 1147 4213 aptet
1202 4147 1430 4197 conferri
1490 4146 1640 4199 iubet
1691 4147 1815 4200 Tac.
1876 4146 2021 4200 Hist.
2081 4146 2163 4205 Π,
2212 4151 2294 4199 29.
2352 4144 2731 4197 Tabemacula
2780 4145 2939 4197 ducis

609 4213 633 4261 τ’
670 4228 889 4278 samque
932 4214 1144 4264 lemnum
1179 4213 1321 4281 pilis
1357 4221 1408 4265 et
1450 4214 1656 4267 lanceis
1693 4216 2059 4275 rimbantur,
2104 4211 2356 4266 Ribbeck.
2402 4211 2611 4279 Proleg.
2646 4227 2700 4279 p.
2752 4214 2834 4264 47.
2883 4215 2937 4265 et

660 4277 938 4333 oederlein.
970 4283 1162 4347 synon.
1205 4279 1261 4332 V.
1290 4295 1342 4347 p.
1383 4285 1470 4333 121
1501 4298 1578 4360 sq.
1619 4313 1684 4321 —
1718 4282 1830 4350 Ipsi
1856 4282 2095 4335 homines
2118 4285 2322 4335 terram
2342 4279 2570 4343 fodiunt,
2609 4287 2663 4333 et
2685 4281 2933 4359 fragres,

611 4343 662 4397 h.
709 4361 753 4398 e.
800 4348 1023 4400 semina.
1072 4348 1420 4414 unquibus,
1460 4348 1668 4414 dignm,
1722 4351 1787 4401 in
1840 4351 2093 4411 odiunt,
2131 4354 2277 4403 terra
2312 4347 2577 4401 occulunt.
2654 4347 2934 4414 buy-uibus

607 4412 786 4475 paullo
813 4415 1140 4467 audaciorem
1176 4415 1519 4483 hyperbolam
1544 4433 1656 4470 esse
1692 4416 1770 4470 La
1810 4434 1901 4472 ew.
1930 4417 2298 4485 Peerlkampio
2333 4414 2589 4478 concedit,
2617 4428 2722 4483 qua
2753 4420 2933 4468 tamen

611 4480 770 4530 etiam
806 4481 932 4534 Hor.
970 4482 1080 4534 Sat.
1119 4481 1162 4544 Ι,
1204 4492 1251 4539 δ,
1289 4484 1368 4535 27.
1407 4488 1623 4537 utatur:
1659 4486 1906 4553 scalpere
1945 4493 2147 4538 terram
2189 4482 2464 4553 Unquibms
2502 4511 2526 4523 -
2561 4512 2586 4524 ·
2622 4491 2929 4553 coeperunt.

611 4570 674 4580 —
712 4554 1012 4600 contenta
1055 4549 1327 4615 cervice,
1371 4565 1506 4616 quae
1540 4550 1855 4606 intenditur.
1926 4551 2008 4605 Cf.
2050 4552 2158 4605 Cic.
2186 4552 2341 4605 Tusc.
2378 4550 2458 4612 ΙΙ,
2506 4554 2569 4604 23
2644 4556 2725 4604 54.
2764 4566 2934 4603 onera

610 4614 869 4666 contentis
898 4615 1221 4682 corporibus
1246 4617 1483 4681 facilius
1514 4620 1780 4683 feruutur.
1821 4620 1910 4673 lta
1940 4623 2258 4674 commta-e
2289 4619 2448 4685 vires,
2476 4590 2678 4685 oenias,
2708 4628 2931 4673 mentem
