3616 5026
498 183 619 246 530
1201 179 1274 244 P.
1321 173 1692 243 VERGILI
1730 174 2133 244 MARONIS

503 344 674 409 Fata
713 354 954 411 vocant
997 344 1342 430 conditque
1381 344 1677 409 natantia
1714 343 1960 410 lumina
2002 367 2281 410 somnus.

503 427 642 492 Iam
688 450 769 493 ue
813 428 996 494 vale:
1039 428 1215 492 feror
1253 429 1501 512 ingenti
1544 427 1948 492 circumdata
1988 439 2177 493 nocte

502 508 666 576 luva
695 511 966 599 'dasque
1009 510 1129 574 tibi
1173 511 1465 591 tenden8‚
1512 508 1638 573 heu
1680 532 1810 575 non
1854 520 1986 593 tua,
2027 511 2352 598 palmas!“

499 593 691 661 Dixit
736 607 799 659 et
845 618 926 658 ex
967 592 1169 658 oculis
1215 593 1427 659 subito
1474 614 1593 657 ceu
1633 592 1850 659 fumus
1891 595 1959 659 in
2003 616 2195 660 auras

502 677 913 744 Commixtus
956 679 1167 740 tenuis
1208 678 1377 763 fugit
1418 674 1700 758 diversa,
1742 699 1954 766 neque
1997 676 2176 742 illum
2750 691 2852 740 500

497 762 924 827 Prensantem
968 761 1357 846 nequiquam
1400 758 1668 824 umbras
1713 770 1775 825 et
1817 759 2019 825 multa
2062 760 2389 825 volentem

500 844 742 910 Dicere
785 854 1129 933 praeterea
1158 842 1360 920 vidit3
1405 864 1526 908 nec
1566 844 1844 930 portitor
1887 843 2044 909 Orci

500 1097 783 1150 coniuncta
840 1094 1345 1151 inconsiderantiam
1412 1101 1467 1151 et
1525 1094 1891 1151 temeritatem
1950 1096 2189 1165 graviter
2245 1094 2473 1149 incusat.
2545 1093 2628 1149 Cf.
2690 1094 2845 1149 Ovid.

500 1165 632 1217 Met.
667 1163 775 1222 ΠΙ,
816 1167 932 1217 531.
973 1167 1090 1218 641.
1129 1164 1326 1218 Tibull.
1361 1164 1415 1226 Ι,
1461 1168 1546 1223 19,
1586 1167 1668 1218 33.
1707 1167 1761 1217 et
1798 1164 1965 1219 Bach.
2001 1163 2069 1218 ad
2110 1161 2262 1217 ovid.
2299 1163 2430 1216 Met.
2467 1162 2567 1222 VI,
2617 1166 2726 1215 170.
2786 1193 2852 1202 --

499 1229 630 1290 496.
692 1231 867 1285 Fata
899 1240 1154 1286 vocant.
1224 1232 1306 1286 (tf.
1348 1231 1480 1287 Aen.
1521 1230 1613 1294 Vl,
1656 1234 1767 1285 147.
1808 1231 1876 1294 X,
1914 1234 2032 1286 472.
2068 1231 2229 1286 Silius
2264 1230 2366 1294 IV,
2408 1234 2523 1284 519.
2559 1229 2749 1284 Claud.
2787 1230 2850 1283 B.

498 1299 617 1354 Get.
644 1302 756 1352 171.
786 1298 1046 1354 Similiter
1067 1302 1198 1355 Aen.
1228 1300 1271 1360 1,
1292 1303 1410 1354 610.
1452 1301 1508 1353 et
1525 1297 1590 1362 V,
1620 1301 1736 1354 656.
1764 1306 1946 1354 terrae
1980 1301 2036 1354 et
2068 1315 2241 1366 reqna
2264 1306 2478 1353 vocant.
2508 1327 2574 1338 —
2597 1299 2854 1352 condit.

498 1367 581 1421 Cf.
625 1365 731 1421 Pro
769 1369 868 1421 ert.
890 1366 956 1435 V,
985 1366 1124 1433 (IV)
1154 1371 1232 1430 11,
1253 1371 1337 1421 64.
1370 1366 1609 1421 C'omlita
1644 1373 1770 1420 eum
1807 1374 1985 1421 vestro
2019 1366 2229 1420 lumina
2267 1374 2459 1420 nonu-a
2494 1367 2635 1420 sinu.
2695 1365 2852 1422 ovid.

499 1434 662 1489 Trist.
720 1383 824 1499 fill,
886 1442 941 1498 3,
1003 1438 1085 1490 44.
1147 1436 1417 1489 Labeates
1450 1435 1643 1488 oculos
1677 1436 1872 1489 condet
1909 1435 2093 1489 amica
2129 1451 2339 1488 mam.
2377 1433 2449 1489 id.
2489 1433 2616 1488 Her.
2650 1434 2694 1496 Ι,
2735 1437 2851 1488 113.

497 1511 558 1555 ut
592 1504 702 1555 iam
742 1520 847 1557 aua
897 1502 1106 1556 lumina
1141 1506 1369 1557 condas.
1430 1501 1561 1556 ibid.
1595 1501 1662 1564 X,
1722 1506 1833 1557 120.
1890 1503 2011 1556 Nec
2055 1518 2173 1556 moa
2304 1503 2328 1554 i
2382 1503 2589 1570 diqitue
2643 1500 2855 1556 lumimz

495 1570 714 1637 condat,
769 1569 922 1623 erit!
979 1568 1053 1624 id.
1109 1572 1172 1626 A.
1229 1572 1292 1625 A.
1349 1569 1451 1633 111,
1517 1573 1633 1624 742.
1691 1587 1827 1624 cara
1862 1569 2072 1623 lumina
2116 1519 2302 1623 σοπὲἔ
2331 1586 2514 1623 mnu.
2574 1568 2724 1638 Eleg.
2782 1568 2851 1623 ad

497 1637 704 1692 Liviam
744 1640 856 1691 157.
922 1636 1012 1690 Tu
1046 1655 1167 1692 mea
1204 1639 1412 1693 condas
1447 1636 1671 1690 lumina.
1732 1637 1979 1692 Wernsd.
2014 1636 2167 1691 Poet.
2198 1635 2260 1691 L.
2295 1636 2426 1689 min.
2464 1635 2547 1698 Π,
2601 1640 2726 1698 224,
2766 1640 2849 1691 74.

496 1713 557 1759 ut
582 1706 727 1759 vidit
749 1706 915 1760 vincli
930 1707 1155 1760 condita
1175 1706 1403 1761 lumina.
1426 1735 1494 1746 -—
1512 1707 1826 1759 natantia
1853 1705 2121 1772 lumina,
2158 1703 2479 1768 moribundi,
2517 1704 2721 1759 incerto
2741 1705 2848 1758 iam

496 1776 651 1828 motu
704 1771 1042 1827 fluctuantia.
1110 1773 1423 1829 Praeiverat
1460 1773 1743 1828 Lucretius
1804 1772 1917 1837 111,
1977 1777 2096 1826 479.
2161 1772 2320 1825 Nam
2379 1771 2545 1837 oculi,
2609 1772 2702 1825 ubi
2741 1771 2849 1825 vid.

499 1840 707 1896 Wakef.
776 1840 861 1895 Cf.
901 1841 1065 1895 etiam
1098 1843 1232 1896 Aen.
1266 1842 1332 1905 V,
1370 1844 1489 1895 856.
1527 1840 1682 1896 Ovid.
1721 1841 1854 1895 Met.
1896 1840 1961 1904 V,
2005 1844 2088 1893 71.
2126 1839 2303 1893 oeulis
2333 1842 2432 1893 suh
2465 1845 2622 1893 nocte
2653 1847 2852 1893 natan·

496 1909 641 1962 tibua
672 1916 817 1963 atra.
887 1907 1088 1963 Lucan.
1124 1908 1206 1969 11,
1263 1912 1346 1963 26.
1382 1909 1571 1963 oeulos
1612 1909 1673 1961 in
1711 1917 1884 1962 morte
1917 1915 2180 1962 natantes.
2228 1905 2323 1961 Sil.
2365 1907 2447 1971 11,
2498 1909 2612 1960 122.
2662 1906 2855 1961 oculos

496 1978 612 2030 iam
645 1976 765 2029 luce
800 1981 1050 2030 natantes
1081 1975 1308 2030 Ire-orat
1340 1976 1591 2030 lacrimis
1629 1975 1743 2041 (ubi
1776 1976 1882 2030 vid.
1919 1974 2230 2040 Drakenb.).
2267 1974 2407 2029 Stat.
2435 1973 2601 2029 Theb.
2623 1973 2697 2039 11,
2734 1977 2851 2029 638.

498 2041 688 2098 oculos
728 2043 1020 2097 etiannum
1067 2044 1125 2097 in
1166 2044 1286 2098 luco
1328 2050 1581 2097 natam
1627 2041 1786 2096 Sistit
1832 2048 1932 2098 etc.
1997 2075 2062 2083 —
2118 2043 2355 2096 iterum
2402 2071 2426 2084 -
2460 2071 2484 2083 ·
2527 2048 2719 2097 retro
2756 2072 2781 2083 -
2830 2070 2854 2083 -

498 2118 752 2165 vocant.
823 2110 1030 2164 Item-mn
1109 2127 1166 2165 ro
1207 2127 1401 2165 rursus
1444 2110 1700 2180 positum,
1760 2114 1826 2165 ut
1876 2108 2021 2181 apud
2057 2108 2257 2164 Tibuu.
2308 2109 2390 2176 11,
2442 2112 2499 2172 6,
2560 2111 2610 2161 6.
2672 2112 2726 2163 A

497 2179 692 2232 iterum
725 2194 973 2234 erronem
1004 2128 1106 2231 eug
1135 2186 1231 2231 tua
1264 2179 1424 2249 eiqna
1454 2194 1623 2246 voca,
1663 2176 1757 2232 ubi
1793 2176 2035 2233 Huschk.
2071 2180 2285 2247 praeter
2319 2175 2372 2231 h.
2408 2176 2448 2230 1.
2486 2175 2693 2231 confert
2773 2194 2851 2232 er.

495 2245 723 2315 Adelph.
768 2245 874 2310 IV,
932 2249 985 2310 1,
1032 2250 1080 2299 9.
1136 2245 1307 2300 Prius
1339 2261 1448 2299 nox
1629 2245 1843 2300 aeieset
1883 2245 2027 2313 illic,
2073 2262 2239 2314 quam
2280 2244 2384 2298 huo
2425 2246 2627 2299 reverti
2708 2252 2848 2299 occet

495 2316 706 2366 iterum.
774 2313 855 2368 De
914 2313 1195 2366 notissimo
1252 2315 1435 2368 autem
1473 2329 1508 2382 p
1533 2328 1782 2368 eonasmo
1818 2330 2014 2368 wreus
2072 2328 2331 2366 revocare
2386 2312 2455 2366 cf.
2509 2311 2648 2366 adno
2678 2317 2721 2365 t.
2782 2310 2854 2366 ad

497 2381 622 2435 Geo,
658 2380 702 2444 1,
741 2384 856 2436 200.
928 2380 1178 2434 Ceterum
1213 2382 1376 2435 verba
1408 2381 1605 2434 iter-mn
1641 2381 1896 2435 crudelia
1932 2388 2081 2435 retro
2115 2380 2265 2433 Fata
2300 2387 2502 2433 vocant
2533 2385 2856 2459 repetuntur

495 2448 564 2502 ab
598 2447 781 2502 eodem
818 2447 913 2501 illo
950 2452 1109 2517 poeta
1143 2447 1303 2503 Auth.
1367 2447 1488 2502 Lat.
1559 2447 1742 2502 Burm.
1805 2448 1858 2509 Ι,
1904 2451 2017 2512 178,
2082 2449 2198 2501 208.
2269 2446 2348 2500 Cf.
2387 2447 2553 2500 etiam
2590 2447 2721 2501 ibid.
2757 2446 2852 2510 IV,

502 2519 614 2578 187,
662 2518 712 2570 2.
759 2515 807 2569 O
850 2516 1062 2568 minam
1104 2533 1186 2569 me
1228 2516 1481 2570 modetia
1513 2518 1643 2580 tata
1687 2525 1899 2570 vocent.
1962 2545 2028 2556 —
2081 2512 2209 2575 497.
2271 2513 2450 2568 Etiam
2490 2513 2656 2569 verba
2687 2517 2855 2582 feror

496 2583 707 2650 inqenti
737 2584 1082 2636 circumdant
1115 2592 1287 2651 nocte,
1336 2583 1655 2654 quibuscum
1692 2583 1996 2653 Conington
2046 2581 2255 2637 confert
2287 2581 2414 2636 Eur.
2459 2580 2657 2638 Phoen.
2704 2587 2852 2638 1453.

501 2654 593 2703 καὶ
668 2649 861 2719 αἰρεῐῖ
899 2647 1006 2717 ἤδη
1042 2651 1150 2720 γάρ
1187 2670 1257 2721 με
1296 2652 1620 2720 περιβάλλει
1660 2651 1879 2716 σκότος,
1917 2651 2185 2706 iterantur
2219 2648 2275 2703 in
2308 2647 2474 2703 Anth.
2504 2649 2629 2704 Lat.
2665 2649 2850 2705 Burm.

497 2718 541 2780 Ι,
593 2722 613 2772 1
656 2719 714 2777 2,
771 2720 884 2771 130.
940 2748 1006 2758 -
1060 2716 1192 2780 499.
1255 2718 1471 2773 Dixit.
1511 2717 1672 2772 Haud
1713 2733 1835 2773 raro
1883 2718 2179 2788 Vergilius,
2228 2716 2520 2771 Homerum
2566 2721 2623 2772 et
2674 2719 2853 2788 epicao

498 2785 757 2839 orationis
795 2785 1023 2838 formam
1059 2790 1303 2849 secutus»,
1347 2789 1473 2855 post
1507 2785 1735 2840 alicuius
1767 2785 2064 2841 orationem
2099 2784 2321 2840 verbum
2359 2783 2599 2847 dicendi,
2650 2785 2759 2840 iam
2797 2786 2851 2838 in

497 2851 1568 2990 {linssssffisscffii‘lffipffiissffeffiessssf
1590 2854 2068 2985 {ia‘ssssssfitiffl‘ss’
2102 2852 2324 2973 ἷῗΡθῗέῑ
2357 2852 2856 2974 θὶῗῗὲἱᾛξῗὶ

496 2991 614 3041 477.
650 2989 765 3041 532.
803 2989 859 3041 et
891 2989 1048 3049 539).
1084 2987 1680 3058 Plusquamperfectum
1714 2986 1964 3043 Perfecto
2001 2961 2322 3058 respondeat
2354 2987 2512 3054 (Aen.
2550 2987 2617 3049 V,
2652 2992 2770 3042 409.
2797 2990 2855 3042 et

499 3058 613 3110 421.
653 3056 766 3107 723.
805 3058 861 3108 et
896 3058 1011 3109 740.
1049 3060 1194 3117 ete),
1268 3073 1394 3110 uam
1432 3071 1558 3109 uam
1593 3055 1648 3108 in
1679 3054 1929 3124 plurimis
1967 3055 2098 3110 locis
2133 3054 2233 3109 hoc
2264 3054 2525 3124 temporis
2559 3053 2848 3111 discrimen

497 3139 604 3176 non
640 3123 809 3175 curat.
882 3121 966 3176 Cf.
1003 3122 1213 3176 omnino
1232 3073 1364 3177 chl.
1396 3072 1485 3183 (il.
1526 3126 1609 3176 38.
1647 3126 1729 3177 39.
1769 3123 1896 3178 Geo.
1932 3123 2039 3185 IV,
2077 3127 2193 3177 444.
2231 3126 2287 3177 et
2322 3126 2440 3176 446.
2476 3123 2611 3178 Aen.
2647 3123 2691 3185 I,
2736 3126 2849 3177 131.

501 3194 557 3243 et
595 3192 708 3244 142.
755 3191 871 3244 256.
910 3191 967 3242 et
1007 3192 1123 3244 297.
1160 3194 1277 3245 386.
1319 3195 1376 3245 et
1409 3193 1527 3244 402.
1575 3193 1690 3245 459.
1730 3192 1787 3243 et
1821 3194 1937 3247 464.
1972 3195 2087 3246 595.
2123 3192 2181 3245 et
2213 3191 2328 3244 610.
2373 3192 2489 3243 614.
2528 3194 2587 3244 et
2620 3194 2736 3245 631.
2776 3190 2849 3257 Π,

501 3262 584 3311 76.
619 3260 687 3310 ·et
744 3260 827 3311 78.
884 3259 987 3310 etc.
1048 3272 1169 3311 cum
1227 3258 1312 3321 iis,
1371 3272 1512 3327 quae
1572 3256 1637 3311 de
1673 3256 1894 3313 Graecis
1928 3257 2109 3328 Poppo
2167 3254 2237 3310 ad
2271 3256 2405 3311 Xen.
2442 3257 2565 3326 Cyr.
2625 3257 2670 3319 I,
2708 3261 2758 3321 3,
2799 3262 2848 3312 6.

500 3324 727 3392 Krfiger.
770 3322 842 3378 ad
877 3323 1011 3378 Xen.
1047 3326 1217 3379 Anab.
1254 3325 1328 3384 11.
1367 3329 1417 3386 5,
1456 3328 1540 3379 24.
1578 3323 1772 3379 Stallb.
1812 3324 1883 3379 ad
1916 3324 2061 3380 Plat.
2098 3323 2300 3379 Phaed.
2339 3326 2451 3386 24.,
2492 3323 2560 3379 de
2593 3324 2850 3379 Romanis

498 3390 709 3445 Ruhnk.
748 3389 817 3444 ad
853 3390 981 3444 Rut.
1020 3391 1102 3445 Lu
1141 3431 1154 3444 .
1180 3393 1225 3456 Ι,
1247 3397 1295 3446 5.
1364 3434 1376 3446 .
1400 3395 1484 3445 20.
1527 3391 1766 3447 Oudeud.
1804 3392 1875 3446 ad
1913 3393 2059 3448 Suet.
2097 3392 2251 3446 Caes,
2274 3394 2355 3446 32.
2391 3391 2577 3446 Bremi
2611 3391 2680 3446 ad
2708 3392 2847 3462 Nep.

494 3459 672 3513 Hann.
692 3461 741 3517 2.
766 3461 817 3513 2.
846 3457 1042 3512 Heind.
1151 3458 1261 3513 Cic.
1344 3500 1357 3513 .
1383 3459 1449 3513 D.
1476 3458 1523 3521 1,
1553 3462 1599 3513 7.
1660 3500 1671 3513 .
1700 3462 1778 3514 17.
1803 3459 1969 3515 Bach.
1995 3460 2068 3514 ad
2087 3457 2241 3514 Ovid.
2261 3460 2392 3514 Met.
2413 3457 2508 3522 VI,
2534 3459 2845 3530 282811113.

497 3525 566 3580 ad
591 3523 794 3580 catull.
821 3529 906 3587 63,
928 3529 1008 3580 77.
1047 3526 1276 3581 Beneck.
1316 3525 1385 3580 ad
1409 3477 1673 3591 Iustin.¹l,
1703 3530 1750 3589 8,
1783 3531 1863 3581 14.
1902 3527 2106 3582 Ψίὶωε.
2128 3526 2318 3595 Progr.
2352 3543 2407 3595 p.
2431 3530 2494 3580 19
2524 3543 2608 3597 sq.
2643 3527 2843 3597 aliique

495 3594 861 3663 disputarunt.
920 3624 980 3633 --
1049 3595 1275 3662 „fuqit
1311 3596 1378 3647 in
1414 3612 1643 3662 aurae,
1681 3598 1745 3649 ut
1778 3596 1911 3650 Aen.
1947 3596 2020 3659 V,
2083 3599 2226 3659 740.;
2286 3598 2401 3647 tmn
2463 3594 2543 3659 fu
2594 3594 2645 3647 it
2686 3613 2848 3649 com·

493 3662 740 3715 mixtum
794 3665 880 3715 est
912 3659 1121 3730 plenius
1181 3666 1237 3716 et
1272 3663 1516 3716 ornatius
1553 3661 1775 3716 dictum.
1844 3661 2089 3718 Petitum
2148 3666 2331 3717 autem
2393 3676 2454 3714 ex
2512 3612 2586 3715 If
2640 3661 2846 3730 XXIII,

501 3733 611 3782 100.
651 3758 718 3766 -
754 3726 885 3789 500.
922 3730 1210 3797 diversa,
1251 3745 1373 3784 cum
1405 3730 1460 3783 in
1501 3729 1788 3792 diversam,
1830 3745 1894 3784 ac
1929 3747 2036 3801 qua
2059 3728 2304 3798 Orpheus
2333 3727 2608 3793 tendebat,
2635 3736 2844 3800 partem

497 3796 547 3850 h.
587 3812 633 3849 e.
673 3796 835 3857 retro,
871 3795 1190 3861 auferretur,
1227 3800 1292 3851 ut
1332 3813 1450 3867 sup.
1490 3812 1541 3853 v.
1579 3800 1693 3851 367.
1720 3797 1965 3865 flumina
1998 3797 2233 3851 diver-222³
2269 3795 2467 3850 lociae.“
2506 3797 2684 3865 Heyn.
2720 3798 2846 3852 Vid.

497 3864 663 3917 etiam
699 3878 746 3915 ν.
785 3866 902 3916 432.
939 3866 996 3917 et
1027 3866 1160 3919 Aen.
1198 3864 1278 3920 V.
1324 3868 1435 3918 166.
1492 3881 1604 3934 quo
1637 3865 1888 3919 diversus
1919 3865 2085 3919 abiae!
2144 3862 2351 3918 Wakef.
2410 3862 2482 3918 ad
2535 3864 2690 3919 Lucr.
2739 3865 2843 3928 m,

492 3935 611 3983 437.
652 3930 890 3984 incertus
924 3934 1036 3993 est,
1083 3947 1186 4001 quo
1221 3932 1420 3986 referat
1454 3933 1659 3991 tenuis,
1714 3932 1781 3986 ad
1819 3934 2061 3996 fimum,
2096 3946 2167 3985 an
2202 3930 2271 3986 ad
2306 3948 2491 3986 aurae.
2562 3931 2842 4002 Equidem,

494 4014 614 4053 cum
653 3996 1056 4052 collocationem
1089 3999 1372 4053 verborum
1422 4002 1478 4053 et
1525 3998 1730 4053 Partici
1767 4000 1881 4054 ium
1927 4016 2039 4055 voc.
2069 3999 2232 4068 fumi
2284 3997 2562 4062 additum,
2609 4004 2725 4053 tum
2772 4002 2843 4054 si-

495 4065 651 4119 miles
695 4063 840 4118 locos
902 4065 1034 4120 Aen.
1091 4066 1184 4129 IV,
1239 4069 1356 4121 278.
1420 4067 1476 4120 et
1509 4066 1612 4129 lx,
1654 4071 1717 4119 65
1756 4108 1768 4120 .
1807 4067 2168 4127 considerans,
2206 4065 2480 4135 epitheton
2515 4082 2637 4120 cum
2671 4085 2844 4121 auras

494 4133 775 4255 {3223}
788 4131 1367 4269 1Jg1t2¹3¹zt²12⁷31⁶225
1397 4148 1481 4255 ff·
1519 4133 2214 4258 ffffii‘ssffihsffleviwiffi
2246 4133 2587 4255 ⁸53⁰}ss
2572 4135 2842 4259 ‘'3332ss

492 4284 711 4322 numero
773 4269 938 4322 etiam
994 4268 1096 4329 IV,
1137 4272 1271 4329 571..
1310 4267 1376 4323 de
1411 4269 1663 4323 Manibus
1698 4271 1831 4324 Aen.
1898 4268 1963 4334 V,
2002 4244 2084 4325 81.
2121 4272 2177 4323 et
2214 4268 2306 4331 VI,
2345 4274 2459 4322 510.
2535 4219 2703 4324 cosin
2805 4288 2839 4325 n

492 4340 673 4389 tamen
730 4335 1047 4404 simpliciter
1103 4336 1170 4391 de
1222 4336 1367 4392 auris
1423 4335 1690 4399 obscuriS‚
1752 4336 2061 4405 caliginosis
2120 4337 2342 4407 cogitat,
2403 4351 2536 4405 quas
2595 4338 2704 4409 Orp
2745 4355 2843 4394 eus

493 4404 668 4456 uxoris
701 4401 818 4456 loco
852 4403 1212 4473 amplectatur
1254 4404 1400 4471 (,.the
1432 4404 1700 4458 darkness
1730 4404 1910 4458 which
1952 4405 2200 4477 Orpheus
2217 4405 2456 4460 elumbes
2490 4405 2552 4458 in
2586 4405 2671 4461 tho
2811 4423 2841 4462 e

495 4473 570 4537 of
613 4470 923 4539 embraciny
984 4473 1070 4524 his
1122 4473 1339 4541 myd‘),
1395 4470 1536 4542 quod
1593 4469 1727 4525 mihi
1778 4472 1959 4527 minus
2030 4474 2261 4528 oeticum
2293 4471 2522 4526 videtur.
2582 4505 2649 4515 —
2826 4516 2839 4528 .

492 4544 869 4602 praeterea,
910 4539 1113 4606 poetice
1140 4555 1235 4607 pro
1260 4539 1506 4607 posthac,
1541 4539 1596 4592 in
1632 4541 1924 4607 posterum.
2032 4585 2043 4598 .
2078 4544 2209 4596 Aen.
2234 4540 2278 4603 I,
2315 4544 2401 4593 49.
2440 4570 2504 4578 ---
2533 4542 2842 4610 portitor

499 4600 679 4662 Orci,
743 4601 971 4658 Charon.
1041 4605 1126 4658 Cf.
1188 4605 1506 4673 parallelum
1567 4604 1745 4660 Ovidii
1812 4606 1991 4662 locum
2048 4611 2179 4664 Met.
2231 4606 2309 4669 X,
2373 4609 2456 4659 72.
2513 4612 2842 4678 trum-aque
