<?xml version="1.0" encoding="UTF-8"?>
<!DOCTYPE html PUBLIC "-//W3C//DTD XHTML 1.0 Transitional//EN"
    "http://www.w3.org/TR/xhtml1/DTD/xhtml1-transitional.dtd">
<html xmlns="http://www.w3.org/1999/xhtml" xml:lang="en" lang="en">
 <head>
  <title>
</title>
<meta http-equiv="Content-Type" content="text/html;charset=utf-8" />
  <meta name='ocr-system' content='tesseract 3.04.00' />
  <meta name='ocr-capabilities' content='ocr_page ocr_carea ocr_par ocr_line ocrx_word'/>
</head>
<body>
  <div class='ocr_page' id='page_1' title='image "./pvergilimaronis16virggoog/pvergilimaronis16virggoog_0455.png"; bbox 0 0 3616 5026; ppageno 0'>
   <div class='ocr_carea' id='block_1_1' title="bbox 1507 257 3124 331">
    <p class='ocr_par' dir='ltr' id='par_1_1' title="bbox 1507 257 3124 331">
     <span class='ocr_line' id='line_1_1' title="bbox 1507 257 3124 331; baseline 0.001 -4"><span class='ocrx_word' id='word_1_1' title='bbox 1507 257 2034 331; x_wconf 78' lang='lat' dir='ltr'>GEORGIGON</span> <span class='ocrx_word' id='word_1_2' title='bbox 2073 261 2236 329; x_wconf 89' lang='lat' dir='ltr'><strong>LlB.</strong></span> <span class='ocrx_word' id='word_1_3' title='bbox 2278 260 2394 329; x_wconf 90' lang='lat'><strong>111.</strong></span> <span class='ocrx_word' id='word_1_4' title='bbox 3003 267 3124 329; x_wconf 82' lang='lat'><strong>445</strong></span> 
     </span>
    </p>
   </div>
   <div class='ocr_carea' id='block_1_2' title="bbox 792 421 3124 768">
    <p class='ocr_par' dir='ltr' id='par_1_2' title="bbox 794 421 2634 516">
     <span class='ocr_line' id='line_1_2' title="bbox 794 421 2634 516; baseline 0.004 -27"><span class='ocrx_word' id='word_1_5' title='bbox 794 421 932 491; x_wconf 86' lang='lat' dir='ltr'><strong>Nec</strong></span> <span class='ocrx_word' id='word_1_6' title='bbox 971 427 1083 491; x_wconf 84' lang='lat' dir='ltr'><strong>via</strong></span> <span class='ocrx_word' id='word_1_7' title='bbox 1121 428 1345 494; x_wconf 88' lang='lat' dir='ltr'><strong>mortis</strong></span> <span class='ocrx_word' id='word_1_8' title='bbox 1387 438 1528 493; x_wconf 87' lang='lat' dir='ltr'><strong>erat</strong></span> <span class='ocrx_word' id='word_1_9' title='bbox 1567 427 1862 515; x_wconf 77' lang='lat' dir='ltr'>simplex,</span> <span class='ocrx_word' id='word_1_10' title='bbox 1906 428 2023 495; x_wconf 92' lang='lat' dir='ltr'><strong>sed</strong></span> <span class='ocrx_word' id='word_1_11' title='bbox 2060 428 2173 495; x_wconf 93' lang='lat' dir='ltr'><strong>ubi</strong></span> <span class='ocrx_word' id='word_1_12' title='bbox 2213 431 2409 516; x_wconf 87' lang='lat' dir='ltr'><strong>ignea</strong></span> <span class='ocrx_word' id='word_1_13' title='bbox 2449 430 2634 495; x_wconf 84' lang='lat' dir='ltr'><strong>venis</strong></span> 
     </span>
    </p>

    <p class='ocr_par' dir='ltr' id='par_1_3' title="bbox 796 506 2448 590">
     <span class='ocr_line' id='line_1_3' title="bbox 796 506 2448 590; baseline 0.004 -17"><span class='ocrx_word' id='word_1_14' title='bbox 796 506 1116 575; x_wconf 84' lang='lat' dir='ltr'><strong>Omnibus</strong></span> <span class='ocrx_word' id='word_1_15' title='bbox 1159 521 1308 577; x_wconf 87' lang='lat' dir='ltr'><strong>acta</strong></span> <span class='ocrx_word' id='word_1_16' title='bbox 1349 513 1489 577; x_wconf 90' lang='lat' dir='ltr'><strong>sitis</strong></span> <span class='ocrx_word' id='word_1_17' title='bbox 1529 512 1799 578; x_wconf 91' lang='lat' dir='ltr'><strong>miseros</strong></span> <span class='ocrx_word' id='word_1_18' title='bbox 1843 512 2209 579; x_wconf 75' lang='lat' dir='ltr'><strong>adduxerat</strong></span> <span class='ocrx_word' id='word_1_19' title='bbox 2250 523 2448 590; x_wconf 89' lang='lat' dir='ltr'><strong>artus,</strong></span> 
     </span>
    </p>

    <p class='ocr_par' dir='ltr' id='par_1_4' title="bbox 792 589 2604 685">
     <span class='ocr_line' id='line_1_4' title="bbox 792 589 2604 685; baseline 0.004 -29"><span class='ocrx_word' id='word_1_20' title='bbox 792 589 1041 658; x_wconf 81' lang='lat' dir='ltr'>Rursus</span> <span class='ocrx_word' id='word_1_21' title='bbox 1085 591 1461 660; x_wconf 80' lang='lat' dir='ltr'><strong>abundabat</strong></span> <span class='ocrx_word' id='word_1_22' title='bbox 1501 593 1737 660; x_wconf 90' lang='lat' dir='ltr'><strong>fluidus</strong></span> <span class='ocrx_word' id='word_1_23' title='bbox 1781 595 1997 685; x_wconf 89' lang='lat' dir='ltr'><strong>liquor</strong></span> <span class='ocrx_word' id='word_1_24' title='bbox 2040 597 2380 685; x_wconf 82' lang='lat' dir='ltr'>omniaque</span> <span class='ocrx_word' id='word_1_25' title='bbox 2420 598 2488 663; x_wconf 91' lang='lat' dir='ltr'><strong>in</strong></span> <span class='ocrx_word' id='word_1_26' title='bbox 2535 617 2604 663; x_wconf 88' lang='lat' dir='ltr'><strong>se</strong></span> 
     </span>
    </p>

    <p class='ocr_par' dir='ltr' id='par_1_5' title="bbox 799 673 3124 768">
     <span class='ocr_line' id='line_1_5' title="bbox 799 673 3124 768; baseline 0.004 -28"><span class='ocrx_word' id='word_1_27' title='bbox 799 673 974 741; x_wconf 90' lang='lat' dir='ltr'><strong>Ossa</strong></span> <span class='ocrx_word' id='word_1_28' title='bbox 1012 677 1376 744; x_wconf 82' lang='lat' dir='ltr'><strong>minutatim</strong></span> <span class='ocrx_word' id='word_1_29' title='bbox 1416 676 1641 746; x_wconf 90' lang='lat' dir='ltr'><strong>morbo</strong></span> <span class='ocrx_word' id='word_1_30' title='bbox 1685 678 2000 768; x_wconf 74' lang='lat' dir='ltr'><strong>conlapsa</strong></span> <span class='ocrx_word' id='word_1_31' title='bbox 2039 678 2355 746; x_wconf 89' lang='lat' dir='ltr'><strong>trahebat.</strong></span> <span class='ocrx_word' id='word_1_32' title='bbox 3022 688 3124 741; x_wconf 82' lang='lat'><strong>485</strong></span> 
     </span>
    </p>
   </div>
   <div class='ocr_carea' id='block_1_3' title="bbox 793 841 1208 856">
    <p class='ocr_par' dir='ltr' id='par_1_6' title="bbox 793 841 1208 856">
     <span class='ocr_line' id='line_1_6' title="bbox 793 841 1208 856; baseline 0 4170"><span class='ocrx_word' id='word_1_33' title='bbox 793 841 1208 856; x_wconf 95' lang='lat' dir='ltr'><strong> </strong></span> 
     </span>
    </p>
   </div>
   <div class='ocr_carea' id='block_1_4' title="bbox 788 939 3126 4751">
    <p class='ocr_par' dir='ltr' id='par_1_7' title="bbox 789 939 3126 3098">
     <span class='ocr_line' id='line_1_7' title="bbox 793 939 3122 1015; baseline 0.001 -21"><span class='ocrx_word' id='word_1_34' title='bbox 793 940 850 994; x_wconf 89' lang='lat' dir='ltr'><strong>et</strong></span> <span class='ocrx_word' id='word_1_35' title='bbox 881 939 1190 1008; x_wconf 84' lang='lat' dir='ltr'><strong>Sallustius,</strong></span> <span class='ocrx_word' id='word_1_36' title='bbox 1227 943 1397 1012; x_wconf 88' lang='lat' dir='ltr'><strong>primo</strong></span> <span class='ocrx_word' id='word_1_37' title='bbox 1434 949 1626 1007; x_wconf 69' lang='lat' dir='ltr'><strong>aerem,</strong></span> <span class='ocrx_word' id='word_1_38' title='bbox 1665 944 1790 999; x_wconf 90' lang='lat' dir='ltr'><strong>inde</strong></span> <span class='ocrx_word' id='word_1_39' title='bbox 1823 960 2037 1015; x_wconf 91' lang='lat' dir='ltr'><strong>aquam,</strong></span> <span class='ocrx_word' id='word_1_40' title='bbox 2073 948 2197 1015; x_wconf 88' lang='lat' dir='ltr'><strong>post</strong></span> <span class='ocrx_word' id='word_1_41' title='bbox 2229 944 2430 1014; x_wconf 86' lang='lat' dir='ltr'><strong>pabula</strong></span> <span class='ocrx_word' id='word_1_42' title='bbox 2449 960 2567 999; x_wconf 88' lang='lat' dir='ltr'><strong>esse</strong></span> <span class='ocrx_word' id='word_1_43' title='bbox 2589 945 2895 1013; x_wconf 88' lang='lat' dir='ltr'><strong>corrupta.“</strong></span> <span class='ocrx_word' id='word_1_44' title='bbox 2931 942 3122 1010; x_wconf 79' lang='lat' dir='ltr'><strong>Wagn.</strong></span> 
     </span>
     <span class='ocr_line' id='line_1_8' title="bbox 793 1008 3125 1152; baseline 0.001 -23"><span class='ocrx_word' id='word_1_45' title='bbox 793 1008 1280 1133; x_wconf 50' lang='lat'><strong>&amp;3033210‘23</strong></span> <span class='ocrx_word' id='word_1_46' title='bbox 1298 1012 1658 1149; x_wconf 54' lang='grc' dir='ltr'><strong>ἳῗὲῗῖῗέηιζῗ</strong></span> <span class='ocrx_word' id='word_1_47' title='bbox 1690 1013 2577 1152; x_wconf 46' lang='grc' dir='ltr'><strong>διὲξ-ἠ’..ἷὲἕῗιὲἒέῗᾳὲἓῷῗω</strong></span> <span class='ocrx_word' id='word_1_48' title='bbox 2590 1011 3125 1151; x_wconf 51' lang='grc' dir='ltr'><strong>ξίῗῗὶῖἳέἕέῗὲἓῗ</strong></span> 
     </span>
     <span class='ocr_line' id='line_1_9' title="bbox 792 1143 3123 1220; baseline 0.001 -23"><span class='ocrx_word' id='word_1_49' title='bbox 792 1143 1030 1199; x_wconf 84' lang='lat' dir='ltr'><strong>bendum</strong></span> <span class='ocrx_word' id='word_1_50' title='bbox 1062 1148 1246 1201; x_wconf 88' lang='lat' dir='ltr'><strong>censet</strong></span> <span class='ocrx_word' id='word_1_51' title='bbox 1282 1148 1611 1218; x_wconf 71' lang='lat' dir='ltr'><strong>infectaque,</strong></span> <span class='ocrx_word' id='word_1_52' title='bbox 1651 1164 1815 1203; x_wconf 88' lang='lat' dir='ltr'><strong>causa</strong></span> <span class='ocrx_word' id='word_1_53' title='bbox 1847 1149 2197 1218; x_wconf 82' lang='lat' dir='ltr'><strong>corruptionis</strong></span> <span class='ocrx_word' id='word_1_54' title='bbox 2222 1164 2584 1220; x_wconf 85' lang='lat' dir='ltr'><strong>apraegresso</strong></span> <span class='ocrx_word' id='word_1_55' title='bbox 2605 1147 2853 1217; x_wconf 77' lang='lat' dir='ltr'><strong>corrupit</strong></span> <span class='ocrx_word' id='word_1_56' title='bbox 2874 1162 2932 1201; x_wconf 90' lang='lat' dir='ltr'><strong>re</strong></span> <span class='ocrx_word' id='word_1_57' title='bbox 2970 1146 3123 1209; x_wconf 87' lang='lat' dir='ltr'><strong>etita,</strong></span> 
     </span>
     <span class='ocr_line' id='line_1_10' title="bbox 793 1211 3125 1288; baseline 0.001 -23"><span class='ocrx_word' id='word_1_58' title='bbox 793 1211 905 1267; x_wconf 77' lang='lat' dir='ltr'><strong>vel:</strong></span> <span class='ocrx_word' id='word_1_59' title='bbox 1203 1213 1215 1225; x_wconf 76' lang='lat'><em>⁶</em></span> <span class='ocrx_word' id='word_1_60' title='bbox 1285 1231 1314 1268; x_wconf 84' lang='lat' dir='ltr'><strong>e</strong></span> <span class='ocrx_word' id='word_1_61' title='bbox 1351 1215 1508 1270; x_wconf 69' lang='lat' dir='ltr'><strong>lacus</strong></span> <span class='ocrx_word' id='word_1_62' title='bbox 1542 1215 1854 1285; x_wconf 72' lang='lat' dir='ltr'><strong>infectaque</strong></span> <span class='ocrx_word' id='word_1_63' title='bbox 1881 1216 2098 1288; x_wconf 77' lang='lat' dir='ltr'><strong>pabula</strong></span> <span class='ocrx_word' id='word_1_64' title='bbox 2134 1217 2276 1271; x_wconf 82' lang='lat' dir='ltr'><strong>tabo.</strong></span> <span class='ocrx_word' id='word_1_65' title='bbox 2321 1216 2521 1271; x_wconf 82' lang='lat' dir='ltr'><strong>Tamen</strong></span> <span class='ocrx_word' id='word_1_66' title='bbox 2541 1215 2819 1285; x_wconf 82' lang='lat' dir='ltr'><strong>vulgarem</strong></span> <span class='ocrx_word' id='word_1_67' title='bbox 2842 1214 2924 1268; x_wconf 90' lang='lat' dir='ltr'><strong>lec</strong></span> <span class='ocrx_word' id='word_1_68' title='bbox 2956 1213 3125 1268; x_wconf 86' lang='lat' dir='ltr'><strong>&#39;onem</strong></span> 
     </span>
     <span class='ocr_line' id='line_1_11' title="bbox 797 1278 3126 1352; baseline 0.001 -19"><span class='ocrx_word' id='word_1_69' title='bbox 797 1278 1041 1335; x_wconf 79' lang='lat' dir='ltr'><strong>defendit</strong></span> <span class='ocrx_word' id='word_1_70' title='bbox 1224 1280 1288 1337; x_wconf 88' lang='lat' dir='ltr'><strong>cl.</strong></span> <span class='ocrx_word' id='word_1_71' title='bbox 1325 1281 1419 1345; x_wconf 85' lang='lat' dir='ltr'><strong>lv,</strong></span> <span class='ocrx_word' id='word_1_72' title='bbox 1452 1287 1527 1346; x_wconf 91' lang='grc'><strong>6.,</strong></span> <span class='ocrx_word' id='word_1_73' title='bbox 1570 1284 1664 1338; x_wconf 92' lang='lat' dir='ltr'><strong>ubi</strong></span> <span class='ocrx_word' id='word_1_74' title='bbox 1698 1284 1781 1338; x_wconf 75' lang='lat' dir='ltr'><strong>vir</strong></span> <span class='ocrx_word' id='word_1_75' title='bbox 1817 1284 2034 1339; x_wconf 83' lang='lat' dir='ltr'><strong>doctiss.</strong></span> <span class='ocrx_word' id='word_1_76' title='bbox 2070 1285 2267 1352; x_wconf 72' lang='lat' dir='ltr'><strong>infecit</strong></span> <span class='ocrx_word' id='word_1_77' title='bbox 2298 1284 2436 1340; x_wconf 87' lang='lat' dir='ltr'><strong>idem</strong></span> <span class='ocrx_word' id='word_1_78' title='bbox 2475 1285 2586 1339; x_wconf 83' lang='lat' dir='ltr'><strong>fere</strong></span> <span class='ocrx_word' id='word_1_79' title='bbox 2624 1299 2740 1338; x_wconf 87' lang='lat' dir='ltr'><strong>esse</strong></span> <span class='ocrx_word' id='word_1_80' title='bbox 2774 1283 2944 1345; x_wconf 90' lang='lat' dir='ltr'><strong>docet,</strong></span> <span class='ocrx_word' id='word_1_81' title='bbox 3020 1281 3126 1336; x_wconf 92' lang='lat' dir='ltr'><strong>uod</strong></span> 
     </span>
     <span class='ocr_line' id='line_1_12' title="bbox 790 1348 3124 1429; baseline 0.001 -28"><span class='ocrx_word' id='word_1_82' title='bbox 790 1349 1068 1418; x_wconf 66' lang='lat' dir='ltr'><strong>con-apic,</strong></span> <span class='ocrx_word' id='word_1_83' title='bbox 1131 1348 1352 1419; x_wconf 87' lang='lat' dir='ltr'><strong>ideoque</strong></span> <span class='ocrx_word' id='word_1_84' title='bbox 1394 1348 1449 1406; x_wconf 91' lang='lat' dir='ltr'><strong>h.</strong></span> <span class='ocrx_word' id='word_1_85' title='bbox 1488 1351 1526 1405; x_wconf 89' lang='lat'><strong>1.</strong></span> <span class='ocrx_word' id='word_1_86' title='bbox 1564 1350 1955 1422; x_wconf 88' lang='lat' dir='ltr'><strong>quodammodo</strong></span> <span class='ocrx_word' id='word_1_87' title='bbox 1995 1353 2136 1407; x_wconf 88' lang='lat' dir='ltr'><strong>inter</strong></span> <span class='ocrx_word' id='word_1_88' title='bbox 2184 1369 2273 1407; x_wconf 85' lang='lat' dir='ltr'><strong>eos</strong></span> <span class='ocrx_word' id='word_1_89' title='bbox 2302 1353 2489 1407; x_wconf 82' lang='lat' dir='ltr'><strong>referri</strong></span> <span class='ocrx_word' id='word_1_90' title='bbox 2521 1367 2702 1421; x_wconf 88' lang='lat' dir='ltr'><strong>posse,</strong></span> <span class='ocrx_word' id='word_1_91' title='bbox 2762 1351 2853 1404; x_wconf 91' lang='lat' dir='ltr'><strong>ubi</strong></span> <span class='ocrx_word' id='word_1_92' title='bbox 2888 1351 2995 1404; x_wconf 85' lang='lat' dir='ltr'><strong>Ver</strong></span> <span class='ocrx_word' id='word_1_93' title='bbox 3030 1366 3124 1429; x_wconf 57' lang='grc' dir='ltr'><strong>ηιμ</strong></span> 
     </span>
     <span class='ocr_line' id='line_1_13' title="bbox 795 1415 3120 1490; baseline 0.001 -21"><span class='ocrx_word' id='word_1_94' title='bbox 795 1415 1056 1470; x_wconf 82' lang='lat' dir='ltr'><strong>iteratum</strong></span> <span class='ocrx_word' id='word_1_95' title='bbox 1091 1416 1167 1471; x_wconf 84' lang='lat' dir='ltr'><strong>Co</strong></span> <span class='ocrx_word' id='word_1_96' title='bbox 1204 1416 1327 1473; x_wconf 90' lang='lat' dir='ltr'><strong>ulae</strong></span> <span class='ocrx_word' id='word_1_97' title='bbox 1361 1435 1579 1474; x_wconf 87' lang='lat' dir='ltr'><strong>munere</strong></span> <span class='ocrx_word' id='word_1_98' title='bbox 1616 1421 1898 1490; x_wconf 81' lang='lat' dir='ltr'><strong>fungatur.</strong></span> <span class='ocrx_word' id='word_1_99' title='bbox 1967 1421 2039 1475; x_wconf 90' lang='lat' dir='ltr'><strong>Et</strong></span> <span class='ocrx_word' id='word_1_100' title='bbox 2072 1437 2200 1475; x_wconf 88' lang='lat' dir='ltr'><strong>sane</strong></span> <span class='ocrx_word' id='word_1_101' title='bbox 2217 1423 2403 1475; x_wconf 85' lang='lat' dir='ltr'><strong>eontra</strong></span> <span class='ocrx_word' id='word_1_102' title='bbox 2429 1420 2665 1474; x_wconf 90' lang='lat' dir='ltr'><strong>omnium</strong></span> <span class='ocrx_word' id='word_1_103' title='bbox 2691 1418 2857 1473; x_wconf 86' lang='lat' dir='ltr'><strong>Codd.</strong></span> <span class='ocrx_word' id='word_1_104' title='bbox 2887 1421 3120 1472; x_wconf 85' lang='lat' dir='ltr'><strong>aucton-</strong></span> 
     </span>
     <span class='ocr_line' id='line_1_14' title="bbox 793 1483 3125 1556; baseline 0.001 -19"><span class='ocrx_word' id='word_1_105' title='bbox 793 1484 968 1538; x_wconf 87' lang='lat' dir='ltr'><strong>tatem</strong></span> <span class='ocrx_word' id='word_1_106' title='bbox 1002 1483 1140 1538; x_wconf 87' lang='lat' dir='ltr'><strong>nihil</strong></span> <span class='ocrx_word' id='word_1_107' title='bbox 1215 1486 1261 1540; x_wconf 87' lang='lat' dir='ltr'><strong>’c</strong></span> <span class='ocrx_word' id='word_1_108' title='bbox 1293 1487 1612 1542; x_wconf 91' lang='lat' dir='ltr'><strong>mutandum</strong></span> <span class='ocrx_word' id='word_1_109' title='bbox 1627 1527 1639 1551; x_wconf 96' lang='lat'><strong>,</strong></span> <span class='ocrx_word' id='word_1_110' title='bbox 1693 1504 1817 1542; x_wconf 90' lang='lat' dir='ltr'><strong>cum</strong></span> <span class='ocrx_word' id='word_1_111' title='bbox 1857 1488 2032 1544; x_wconf 86' lang='lat' dir='ltr'><strong>activa</strong></span> <span class='ocrx_word' id='word_1_112' title='bbox 2079 1488 2472 1543; x_wconf 88' lang='lat' dir='ltr'><strong>constructione</strong></span> <span class='ocrx_word' id='word_1_113' title='bbox 2506 1487 2820 1542; x_wconf 89' lang='lat' dir='ltr'><strong>continuata</strong></span> <span class='ocrx_word' id='word_1_114' title='bbox 2854 1485 3125 1556; x_wconf 83' lang='lat' dir='ltr'><strong>elegantia</strong></span> 
     </span>
     <span class='ocr_line' id='line_1_15' title="bbox 791 1549 3123 1636; baseline 0.001 -32"><span class='ocrx_word' id='word_1_115' title='bbox 791 1549 896 1605; x_wconf 91' lang='lat' dir='ltr'><strong>loci</strong></span> <span class='ocrx_word' id='word_1_116' title='bbox 932 1552 1109 1622; x_wconf 82' lang='lat' dir='ltr'><strong>magis</strong></span> <span class='ocrx_word' id='word_1_117' title='bbox 1142 1553 1381 1618; x_wconf 78' lang='lat' dir='ltr'><strong>iuvetur,</strong></span> <span class='ocrx_word' id='word_1_118' title='bbox 1429 1572 1588 1636; x_wconf 86' lang='lat' dir='ltr'><strong>quam</strong></span> <span class='ocrx_word' id='word_1_119' title='bbox 1623 1556 1801 1610; x_wconf 89' lang='lat' dir='ltr'><strong>subito</strong></span> <span class='ocrx_word' id='word_1_120' title='bbox 1836 1557 1893 1610; x_wconf 92' lang='lat' dir='ltr'><strong>in</strong></span> <span class='ocrx_word' id='word_1_121' title='bbox 1927 1556 2195 1626; x_wconf 77' lang='lat' dir='ltr'><strong>passivam</strong></span> <span class='ocrx_word' id='word_1_122' title='bbox 2233 1556 2496 1620; x_wconf 89' lang='lat' dir='ltr'><strong>transitu,</strong></span> <span class='ocrx_word' id='word_1_123' title='bbox 2542 1554 2776 1624; x_wconf 86' lang='lat' dir='ltr'><strong>Copulae</strong></span> <span class='ocrx_word' id='word_1_124' title='bbox 2811 1558 2992 1608; x_wconf 87' lang='lat' dir='ltr'><strong>autem</strong></span> <span class='ocrx_word' id='word_1_125' title='bbox 3032 1553 3123 1608; x_wconf 82' lang='lat' dir='ltr'><strong>de-</strong></span> 
     </span>
     <span class='ocr_line' id='line_1_16' title="bbox 792 1619 3123 1695; baseline 0.002 -23"><span class='ocrx_word' id='word_1_126' title='bbox 792 1619 968 1673; x_wconf 80' lang='lat' dir='ltr'><strong>fectus</strong></span> <span class='ocrx_word' id='word_1_127' title='bbox 1003 1620 1061 1674; x_wconf 93' lang='lat' dir='ltr'><strong>in</strong></span> <span class='ocrx_word' id='word_1_128' title='bbox 1095 1622 1327 1676; x_wconf 80' lang='lat' dir='ltr'><strong>carmine</strong></span> <span class='ocrx_word' id='word_1_129' title='bbox 1360 1623 1521 1678; x_wconf 77' lang='lat' dir='ltr'><strong>facile</strong></span> <span class='ocrx_word' id='word_1_130' title='bbox 1557 1623 1794 1679; x_wconf 87' lang='lat' dir='ltr'><strong>excusari</strong></span> <span class='ocrx_word' id='word_1_131' title='bbox 1827 1625 2014 1694; x_wconf 81' lang='lat' dir='ltr'><strong>possit.</strong></span> <span class='ocrx_word' id='word_1_132' title='bbox 2084 1624 2167 1679; x_wconf 81' lang='lat' dir='ltr'><strong>Cf.</strong></span> <span class='ocrx_word' id='word_1_133' title='bbox 2206 1641 2370 1695; x_wconf 89' lang='lat' dir='ltr'><strong>supra</strong></span> <span class='ocrx_word' id='word_1_134' title='bbox 2401 1623 2470 1678; x_wconf 82' lang='lat' dir='ltr'><strong>ad</strong></span> <span class='ocrx_word' id='word_1_135' title='bbox 2507 1639 2557 1680; x_wconf 80' lang='lat' dir='ltr'><strong>v.</strong></span> <span class='ocrx_word' id='word_1_136' title='bbox 2593 1626 2712 1676; x_wconf 82' lang='lat'><strong>257.</strong></span> <span class='ocrx_word' id='word_1_137' title='bbox 2764 1621 2885 1676; x_wconf 88' lang='lat' dir='ltr'><strong>Non</strong></span> <span class='ocrx_word' id='word_1_138' title='bbox 2920 1625 3123 1676; x_wconf 89' lang='lat' dir='ltr'><strong>temere</strong></span> 
     </span>
     <span class='ocr_line' id='line_1_17' title="bbox 791 1687 3122 1763; baseline 0.001 -23"><span class='ocrx_word' id='word_1_139' title='bbox 791 1690 977 1741; x_wconf 89' lang='lat' dir='ltr'><strong>tamen</strong></span> <span class='ocrx_word' id='word_1_140' title='bbox 1019 1687 1259 1743; x_wconf 84' lang='lat' dir='ltr'><strong>Haunius</strong></span> <span class='ocrx_word' id='word_1_141' title='bbox 1295 1689 1353 1743; x_wconf 93' lang='lat' dir='ltr'><strong>in</strong></span> <span class='ocrx_word' id='word_1_142' title='bbox 1385 1693 1585 1746; x_wconf 77' lang='lat' dir='ltr'><strong>Ameis.</strong></span> <span class='ocrx_word' id='word_1_143' title='bbox 1621 1692 1801 1762; x_wconf 87' lang='lat' dir='ltr'><strong>Spicil.</strong></span> <span class='ocrx_word' id='word_1_144' title='bbox 1841 1709 1892 1763; x_wconf 89' lang='lat' dir='ltr'><strong>p.</strong></span> <span class='ocrx_word' id='word_1_145' title='bbox 1928 1696 2013 1747; x_wconf 87' lang='grc'><strong>36.</strong></span> <span class='ocrx_word' id='word_1_146' title='bbox 2049 1691 2300 1748; x_wconf 87' lang='lat' dir='ltr'><strong>adnotat:</strong></span> <span class='ocrx_word' id='word_1_147' title='bbox 2342 1690 2539 1757; x_wconf 86' lang='lat' dir='ltr'><strong>„Haud</strong></span> <span class='ocrx_word' id='word_1_148' title='bbox 2575 1691 2684 1745; x_wconf 90' lang='lat' dir='ltr'><strong>scio</strong></span> <span class='ocrx_word' id='word_1_149' title='bbox 2718 1706 2787 1744; x_wconf 92' lang='lat' dir='ltr'><strong>an</strong></span> <span class='ocrx_word' id='word_1_150' title='bbox 2824 1706 2874 1745; x_wconf 83' lang='lat' dir='ltr'><strong>v.</strong></span> <span class='ocrx_word' id='word_1_151' title='bbox 2908 1693 3029 1744; x_wconf 88' lang='grc'><strong>480.</strong></span> <span class='ocrx_word' id='word_1_152' title='bbox 3065 1692 3122 1744; x_wconf 91' lang='lat' dir='ltr'><strong>et</strong></span> 
     </span>
     <span class='ocr_line' id='line_1_18' title="bbox 790 1754 3118 1830; baseline 0.001 -22"><span class='ocrx_word' id='word_1_153' title='bbox 790 1757 907 1811; x_wconf 88' lang='grc'><strong>481.</strong></span> <span class='ocrx_word' id='word_1_154' title='bbox 942 1754 1136 1810; x_wconf 88' lang='lat' dir='ltr'><strong>melius</strong></span> <span class='ocrx_word' id='word_1_155' title='bbox 1170 1757 1537 1827; x_wconf 79' lang='lat' dir='ltr'><strong>procederent,</strong></span> <span class='ocrx_word' id='word_1_156' title='bbox 1570 1758 1617 1813; x_wconf 93' lang='lat' dir='ltr'><strong>si</strong></span> <span class='ocrx_word' id='word_1_157' title='bbox 1655 1759 1839 1815; x_wconf 86' lang='lat' dir='ltr'><strong>ordine</strong></span> <span class='ocrx_word' id='word_1_158' title='bbox 1876 1760 2084 1816; x_wconf 81' lang='lat' dir='ltr'><strong>inverso</strong></span> <span class='ocrx_word' id='word_1_159' title='bbox 2118 1760 2303 1830; x_wconf 88' lang='lat' dir='ltr'><strong>scripti</strong></span> <span class='ocrx_word' id='word_1_160' title='bbox 2339 1764 2574 1815; x_wconf 86' lang='lat' dir='ltr'><strong>essent.“</strong></span> <span class='ocrx_word' id='word_1_161' title='bbox 2612 1757 2819 1813; x_wconf 84' lang='lat' dir='ltr'><strong>Peerlk.</strong></span> <span class='ocrx_word' id='word_1_162' title='bbox 2855 1762 3039 1812; x_wconf 89' lang='lat' dir='ltr'><strong>autem</strong></span> <span class='ocrx_word' id='word_1_163' title='bbox 3063 1773 3118 1827; x_wconf 89' lang='lat' dir='ltr'><strong>p.</strong></span> 
     </span>
     <span class='ocr_line' id='line_1_19' title="bbox 795 1824 3119 1898; baseline 0.001 -22"><span class='ocrx_word' id='word_1_164' title='bbox 795 1824 914 1876; x_wconf 83' lang='grc'><strong>265.</strong></span> <span class='ocrx_word' id='word_1_165' title='bbox 947 1840 1160 1879; x_wconf 83' lang='lat' dir='ltr'><strong>versum</strong></span> <span class='ocrx_word' id='word_1_166' title='bbox 1204 1827 1350 1890; x_wconf 66' lang='lat'><strong>481„</strong></span> <span class='ocrx_word' id='word_1_167' title='bbox 1414 1827 1507 1898; x_wconf 88' lang='lat' dir='ltr'><strong>qui</strong></span> <span class='ocrx_word' id='word_1_168' title='bbox 1541 1826 1851 1882; x_wconf 81' lang='lat' dir='ltr'><strong>adversetur</strong></span> <span class='ocrx_word' id='word_1_169' title='bbox 1897 1844 1980 1882; x_wconf 78' lang='lat' dir='ltr'><strong>vv.</strong></span> <span class='ocrx_word' id='word_1_170' title='bbox 2016 1832 2134 1883; x_wconf 79' lang='grc'><strong>494.</strong></span> <span class='ocrx_word' id='word_1_171' title='bbox 2171 1832 2228 1883; x_wconf 90' lang='lat' dir='ltr'><strong>et</strong></span> <span class='ocrx_word' id='word_1_172' title='bbox 2263 1832 2405 1892; x_wconf 69' lang='lat'>520„</span> <span class='ocrx_word' id='word_1_173' title='bbox 2468 1825 2707 1897; x_wconf 88' lang='lat' dir='ltr'><strong>spurium</strong></span> <span class='ocrx_word' id='word_1_174' title='bbox 2752 1830 2949 1881; x_wconf 87' lang='lat' dir='ltr'><strong>censet.</strong></span> <span class='ocrx_word' id='word_1_175' title='bbox 3016 1824 3119 1880; x_wconf 86' lang='lat' dir='ltr'><strong>Sed</strong></span> 
     </span>
     <span class='ocr_line' id='line_1_20' title="bbox 794 1891 3119 1967; baseline 0.001 -23"><span class='ocrx_word' id='word_1_176' title='bbox 794 1895 943 1946; x_wconf 85' lang='lat' dir='ltr'><strong>recte</strong></span> <span class='ocrx_word' id='word_1_177' title='bbox 981 1907 1103 1947; x_wconf 89' lang='lat' dir='ltr'><strong>eum</strong></span> <span class='ocrx_word' id='word_1_178' title='bbox 1140 1891 1439 1949; x_wconf 87' lang='lat' dir='ltr'><strong>defendunt</strong></span> <span class='ocrx_word' id='word_1_179' title='bbox 1487 1894 1700 1950; x_wconf 78' lang='lat' dir='ltr'><strong>Ladew.</strong></span> <span class='ocrx_word' id='word_1_180' title='bbox 1738 1896 2035 1951; x_wconf 57' lang='lat' dir='ltr'><strong>Beue-theia</strong></span> <span class='ocrx_word' id='word_1_181' title='bbox 2081 1901 2185 1951; x_wconf 85' lang='lat' dir='ltr'><strong>etc.</strong></span> <span class='ocrx_word' id='word_1_182' title='bbox 2234 1913 2288 1967; x_wconf 89' lang='lat' dir='ltr'><strong>p.</strong></span> <span class='ocrx_word' id='word_1_183' title='bbox 2332 1900 2408 1951; x_wconf 86' lang='grc'><strong>19.</strong></span> <span class='ocrx_word' id='word_1_184' title='bbox 2445 1898 2502 1950; x_wconf 91' lang='lat' dir='ltr'><strong>et</strong></span> <span class='ocrx_word' id='word_1_185' title='bbox 2534 1893 2788 1949; x_wconf 79' lang='lat' dir='ltr'><strong>Ribbeck.</strong></span> <span class='ocrx_word' id='word_1_186' title='bbox 2822 1893 3035 1963; x_wconf 85' lang='lat' dir='ltr'><strong>Proleg.</strong></span> <span class='ocrx_word' id='word_1_187' title='bbox 3071 1911 3119 1963; x_wconf 88' lang='lat' dir='ltr'><strong>p.</strong></span> 
     </span>
     <span class='ocr_line' id='line_1_21' title="bbox 790 1962 3126 2032; baseline 0.001 -21"><span class='ocrx_word' id='word_1_188' title='bbox 790 1962 908 2022; x_wconf 65' lang='lat'><strong>53„</strong></span> <span class='ocrx_word' id='word_1_189' title='bbox 970 1975 1094 2014; x_wconf 90' lang='lat' dir='ltr'><strong>cum</strong></span> <span class='ocrx_word' id='word_1_190' title='bbox 1122 1962 1339 2032; x_wconf 75' lang='lat' dir='ltr'><strong>pabula</strong></span> <span class='ocrx_word' id='word_1_191' title='bbox 1372 1963 1500 2016; x_wconf 81' lang='lat' dir='ltr'><strong>tabo</strong></span> <span class='ocrx_word' id='word_1_192' title='bbox 1539 1963 1595 2030; x_wconf 81' lang='lat' dir='ltr'><strong>(i.</strong></span> <span class='ocrx_word' id='word_1_193' title='bbox 1636 1980 1684 2018; x_wconf 90' lang='lat' dir='ltr'><strong>e.</strong></span> <span class='ocrx_word' id='word_1_194' title='bbox 1719 1978 1946 2029; x_wconf 77' lang='lat' dir='ltr'><strong>veneno,</strong></span> <span class='ocrx_word' id='word_1_195' title='bbox 1996 1964 2280 2019; x_wconf 88' lang='lat' dir='ltr'><strong>miasmate</strong></span> <span class='ocrx_word' id='word_1_196' title='bbox 2325 1963 2487 2018; x_wconf 74' lang='lat' dir='ltr'><strong>aeris:</strong></span> <span class='ocrx_word' id='word_1_197' title='bbox 2553 1962 2621 2017; x_wconf 85' lang='lat' dir='ltr'><strong>cf.</strong></span> <span class='ocrx_word' id='word_1_198' title='bbox 2661 1962 2816 2016; x_wconf 91' lang='lat' dir='ltr'><strong>Lucr.</strong></span> <span class='ocrx_word' id='word_1_199' title='bbox 2856 1962 2948 2026; x_wconf 87' lang='lat' dir='ltr'><strong>VI,</strong></span> <span class='ocrx_word' id='word_1_200' title='bbox 2998 1964 3126 2016; x_wconf 88' lang='grc'><strong>1123</strong></span> 
     </span>
     <span class='ocr_line' id='line_1_22' title="bbox 792 2028 3125 2149; baseline 0.002 -69"><span class='ocrx_word' id='word_1_201' title='bbox 792 2028 933 2149; x_wconf 48' lang='grc' dir='ltr'><strong>εειῖᾗ)</strong></span> <span class='ocrx_word' id='word_1_202' title='bbox 969 2028 1180 2107; x_wconf 59' lang='lat' dir='ltr'><strong>insecta</strong></span> <span class='ocrx_word' id='word_1_203' title='bbox 1215 2045 1330 2084; x_wconf 87' lang='lat' dir='ltr'><strong>esse</strong></span> <span class='ocrx_word' id='word_1_204' title='bbox 1365 2034 1422 2085; x_wconf 91' lang='lat' dir='ltr'><strong>et</strong></span> <span class='ocrx_word' id='word_1_205' title='bbox 1458 2033 1641 2085; x_wconf 83' lang='lat' dir='ltr'><strong>tamen</strong></span> <span class='ocrx_word' id='word_1_206' title='bbox 1675 2032 1874 2086; x_wconf 75' lang='lat' dir='ltr'><strong>herbae</strong></span> <span class='ocrx_word' id='word_1_207' title='bbox 1910 2034 2129 2087; x_wconf 81' lang='lat' dir='ltr'><strong>externa</strong></span> <span class='ocrx_word' id='word_1_208' title='bbox 2164 2032 2336 2101; x_wconf 88' lang='lat' dir='ltr'><strong>specie</strong></span> <span class='ocrx_word' id='word_1_209' title='bbox 2368 2031 2625 2110; x_wconf 74' lang='lat' dir='ltr'><strong>fallentes</strong></span> <span class='ocrx_word' id='word_1_210' title='bbox 2658 2032 2835 2085; x_wconf 77' lang='lat' dir='ltr'><strong>laetae</strong></span> <span class='ocrx_word' id='word_1_211' title='bbox 2872 2047 2905 2085; x_wconf 93' lang='lat' dir='ltr'><strong>a</strong></span> <span class='ocrx_word' id='word_1_212' title='bbox 2977 2045 3125 2084; x_wconf 88' lang='lat' dir='ltr'><strong>arere</strong></span> 
     </span>
     <span class='ocr_line' id='line_1_23' title="bbox 792 2094 3123 2170; baseline 0 -21"><span class='ocrx_word' id='word_1_213' title='bbox 792 2110 862 2163; x_wconf 86' lang='lat' dir='ltr'><strong>po</strong></span> <span class='ocrx_word' id='word_1_214' title='bbox 928 2098 1086 2149; x_wconf 87' lang='lat' dir='ltr'><strong>ennt.</strong></span> <span class='ocrx_word' id='word_1_215' title='bbox 1122 2127 1191 2137; x_wconf 90' lang='lat'><strong>—</strong></span> <span class='ocrx_word' id='word_1_216' title='bbox 1225 2094 1355 2157; x_wconf 81' lang='lat'><strong>482.</strong></span> <span class='ocrx_word' id='word_1_217' title='bbox 1394 2098 1576 2164; x_wconf 76' lang='lat' dir='ltr'><strong>„Nec</strong></span> <span class='ocrx_word' id='word_1_218' title='bbox 1608 2101 1721 2153; x_wconf 80' lang='lat' dir='ltr'><strong>via</strong></span> <span class='ocrx_word' id='word_1_219' title='bbox 1757 2101 1992 2154; x_wconf 74' lang='lat' dir='ltr'><strong>mortis</strong></span> <span class='ocrx_word' id='word_1_220' title='bbox 2024 2107 2170 2155; x_wconf 77' lang='lat' dir='ltr'><strong>erat</strong></span> <span class='ocrx_word' id='word_1_221' title='bbox 2198 2099 2480 2170; x_wconf 71' lang='lat' dir='ltr'><strong>simplex</strong></span> <span class='ocrx_word' id='word_1_222' title='bbox 2502 2098 2630 2168; x_wconf 77' lang='lat' dir='ltr'><strong>[vid.</strong></span> <span class='ocrx_word' id='word_1_223' title='bbox 2656 2096 2876 2153; x_wconf 82' lang='lat' dir='ltr'><strong>adGeo.</strong></span> <span class='ocrx_word' id='word_1_224' title='bbox 2956 2138 2969 2158; x_wconf 88' lang='lat'><strong>,</strong></span> <span class='ocrx_word' id='word_1_225' title='bbox 2992 2097 3123 2166; x_wconf 85' lang='lat'><strong>73.];</strong></span> 
     </span>
     <span class='ocr_line' id='line_1_24' title="bbox 792 2162 3120 2237; baseline 0.001 -22"><span class='ocrx_word' id='word_1_226' title='bbox 792 2162 929 2217; x_wconf 84' lang='lat' dir='ltr'><strong>varii</strong></span> <span class='ocrx_word' id='word_1_227' title='bbox 964 2164 1137 2218; x_wconf 88' lang='lat' dir='ltr'><strong>morbi</strong></span> <span class='ocrx_word' id='word_1_228' title='bbox 1172 2166 1362 2230; x_wconf 83' lang='lat' dir='ltr'><strong>exitus,</strong></span> <span class='ocrx_word' id='word_1_229' title='bbox 1398 2165 1637 2237; x_wconf 79' lang='lat' dir='ltr'><strong>variique</strong></span> <span class='ocrx_word' id='word_1_230' title='bbox 1671 2167 1866 2221; x_wconf 86' lang='lat' dir='ltr'><strong>mortis</strong></span> <span class='ocrx_word' id='word_1_231' title='bbox 1899 2166 2058 2232; x_wconf 89' lang='lat' dir='ltr'><strong>modi,</strong></span> <span class='ocrx_word' id='word_1_232' title='bbox 2095 2167 2279 2237; x_wconf 88' lang='lat' dir='ltr'><strong>quales</strong></span> <span class='ocrx_word' id='word_1_233' title='bbox 2301 2184 2423 2222; x_wconf 86' lang='lat' dir='ltr'><strong>mox</strong></span> <span class='ocrx_word' id='word_1_234' title='bbox 2442 2164 2689 2221; x_wconf 82' lang='lat' dir='ltr'><strong>nonnulli</strong></span> <span class='ocrx_word' id='word_1_235' title='bbox 2714 2167 3120 2226; x_wconf 83' lang='lat' dir='ltr'><strong>enumerantur;</strong></span> 
     </span>
     <span class='ocr_line' id='line_1_25' title="bbox 789 2232 3124 2305; baseline 0.001 -21"><span class='ocrx_word' id='word_1_236' title='bbox 789 2232 890 2284; x_wconf 78' lang='lat'><strong>483</strong></span> <span class='ocrx_word' id='word_1_237' title='bbox 928 2247 1047 2301; x_wconf 88' lang='lat' dir='ltr'><strong>sqq.</strong></span> <span class='ocrx_word' id='word_1_238' title='bbox 1082 2236 1184 2286; x_wconf 86' lang='grc'><strong>494</strong></span> <span class='ocrx_word' id='word_1_239' title='bbox 1218 2241 1378 2303; x_wconf 85' lang='lat' dir='ltr'><strong>sqq.“</strong></span> <span class='ocrx_word' id='word_1_240' title='bbox 1416 2234 1599 2304; x_wconf 75' lang='lat' dir='ltr'><strong>Heyn.</strong></span> <span class='ocrx_word' id='word_1_241' title='bbox 1634 2234 1717 2289; x_wconf 87' lang='lat' dir='ltr'><strong>Ab</strong></span> <span class='ocrx_word' id='word_1_242' title='bbox 1753 2234 1854 2290; x_wconf 86' lang='lat' dir='ltr'><strong>hac</strong></span> <span class='ocrx_word' id='word_1_243' title='bbox 1887 2235 1991 2290; x_wconf 91' lang='lat' dir='ltr'><strong>loci</strong></span> <span class='ocrx_word' id='word_1_244' title='bbox 2024 2236 2484 2305; x_wconf 88' lang='lat' dir='ltr'><strong>interpretatione.</strong></span> <span class='ocrx_word' id='word_1_245' title='bbox 2518 2234 2666 2288; x_wconf 90' lang='lat' dir='ltr'><strong>ultro</strong></span> <span class='ocrx_word' id='word_1_246' title='bbox 2705 2249 2763 2287; x_wconf 88' lang='lat' dir='ltr'><strong>se</strong></span> <span class='ocrx_word' id='word_1_247' title='bbox 2782 2233 3035 2288; x_wconf 85' lang='lat' dir='ltr'><strong>offerente</strong></span> <span class='ocrx_word' id='word_1_248' title='bbox 3068 2237 3124 2287; x_wconf 91' lang='lat' dir='ltr'><strong>et</strong></span> 
     </span>
     <span class='ocr_line' id='line_1_26' title="bbox 791 2297 3122 2373; baseline 0.001 -21"><span class='ocrx_word' id='word_1_249' title='bbox 791 2297 967 2367; x_wconf 82' lang='lat' dir='ltr'><strong>magis</strong></span> <span class='ocrx_word' id='word_1_250' title='bbox 1001 2298 1169 2354; x_wconf 86' lang='lat' dir='ltr'><strong>etiam</strong></span> <span class='ocrx_word' id='word_1_251' title='bbox 1202 2299 1439 2355; x_wconf 90' lang='lat' dir='ltr'><strong>Lucretii</strong></span> <span class='ocrx_word' id='word_1_252' title='bbox 1463 2303 1858 2373; x_wconf 86' lang='lat' dir='ltr'><strong>comparatione</strong></span> <span class='ocrx_word' id='word_1_253' title='bbox 1885 2303 2211 2366; x_wconf 80' lang='lat' dir='ltr'><strong>confirmata,</strong></span> <span class='ocrx_word' id='word_1_254' title='bbox 2248 2319 2354 2357; x_wconf 92' lang='lat' dir='ltr'><strong>non</strong></span> <span class='ocrx_word' id='word_1_255' title='bbox 2378 2302 2613 2357; x_wconf 89' lang='lat' dir='ltr'><strong>multum</strong></span> <span class='ocrx_word' id='word_1_256' title='bbox 2633 2301 2838 2356; x_wconf 86' lang='lat' dir='ltr'><strong>recedit</strong></span> <span class='ocrx_word' id='word_1_257' title='bbox 2852 2300 3122 2356; x_wconf 88' lang='lat' dir='ltr'><strong>Schirach.</strong></span> 
     </span>
     <span class='ocr_line' id='line_1_27' title="bbox 792 2366 3126 2448; baseline 0.002 -30"><span class='ocrx_word' id='word_1_258' title='bbox 792 2381 845 2435; x_wconf 89' lang='lat' dir='ltr'><strong>p.</strong></span> <span class='ocrx_word' id='word_1_259' title='bbox 882 2368 999 2420; x_wconf 83' lang='grc'><strong>588.</strong></span> <span class='ocrx_word' id='word_1_260' title='bbox 1036 2367 1170 2421; x_wconf 64' lang='lat' dir='ltr'><strong>hmo</strong></span> <span class='ocrx_word' id='word_1_261' title='bbox 1202 2366 1508 2439; x_wconf 85' lang='lat' dir='ltr'><strong>disputans:</strong></span> <span class='ocrx_word' id='word_1_262' title='bbox 1574 2370 1759 2434; x_wconf 87' lang='lat' dir='ltr'><strong>„Haec</strong></span> <span class='ocrx_word' id='word_1_263' title='bbox 1799 2371 2197 2441; x_wconf 87' lang='lat' dir='ltr'><strong>simplicissima</strong></span> <span class='ocrx_word' id='word_1_264' title='bbox 2238 2371 2469 2425; x_wconf 81' lang='lat' dir='ltr'><strong>fortasse</strong></span> <span class='ocrx_word' id='word_1_265' title='bbox 2507 2372 2594 2425; x_wconf 89' lang='lat' dir='ltr'><strong>est</strong></span> <span class='ocrx_word' id='word_1_266' title='bbox 2625 2369 3024 2438; x_wconf 83' lang='lat' dir='ltr'><strong>interpretatio,</strong></span> <span class='ocrx_word' id='word_1_267' title='bbox 3061 2373 3126 2448; x_wconf 77' lang='lat' dir='ltr'><strong>ut</strong></span> 
     </span>
     <span class='ocr_line' id='line_1_28' title="bbox 789 2434 3123 2507; baseline 0.001 -20"><span class='ocrx_word' id='word_1_268' title='bbox 789 2434 937 2487; x_wconf 79' lang='lat' dir='ltr'><strong>viam</strong></span> <span class='ocrx_word' id='word_1_269' title='bbox 986 2436 1180 2489; x_wconf 63' lang='lat' dir='ltr'><strong>mov-tab</strong></span> <span class='ocrx_word' id='word_1_270' title='bbox 1225 2435 1338 2491; x_wconf 86' lang='lat' dir='ltr'><strong>inte</strong></span> <span class='ocrx_word' id='word_1_271' title='bbox 1386 2438 1397 2449; x_wconf 86' lang='lat'><strong>&#39;</strong></span> <span class='ocrx_word' id='word_1_272' title='bbox 1442 2453 1596 2491; x_wconf 88' lang='lat' dir='ltr'><strong>amus</strong></span> <span class='ocrx_word' id='word_1_273' title='bbox 1637 2437 1703 2492; x_wconf 90' lang='lat' dir='ltr'><strong>de</strong></span> <span class='ocrx_word' id='word_1_274' title='bbox 1748 2440 1935 2493; x_wconf 89' lang='lat' dir='ltr'><strong>morbo</strong></span> <span class='ocrx_word' id='word_1_275' title='bbox 1976 2438 2212 2502; x_wconf 84' lang='lat' dir='ltr'><strong>letifero;</strong></span> <span class='ocrx_word' id='word_1_276' title='bbox 2273 2455 2395 2493; x_wconf 90' lang='lat' dir='ltr'><strong>cum</strong></span> <span class='ocrx_word' id='word_1_277' title='bbox 2437 2439 2621 2507; x_wconf 84' lang='lat' dir='ltr'><strong>itaque</strong></span> <span class='ocrx_word' id='word_1_278' title='bbox 2663 2438 2773 2492; x_wconf 90' lang='lat' dir='ltr'><strong>iam</strong></span> <span class='ocrx_word' id='word_1_279' title='bbox 2809 2453 2917 2491; x_wconf 93' lang='lat' dir='ltr'><strong>una</strong></span> <span class='ocrx_word' id='word_1_280' title='bbox 2950 2437 3123 2491; x_wconf 77' lang='lat' dir='ltr'><strong>morbi</strong></span> 
     </span>
     <span class='ocr_line' id='line_1_29' title="bbox 793 2501 3126 2577; baseline 0.001 -22"><span class='ocrx_word' id='word_1_281' title='bbox 793 2501 997 2571; x_wconf 87' lang='lat' dir='ltr'><strong>species</strong></span> <span class='ocrx_word' id='word_1_282' title='bbox 1034 2502 1335 2560; x_wconf 77' lang='lat' dir='ltr'><strong>suffecisset</strong></span> <span class='ocrx_word' id='word_1_283' title='bbox 1369 2523 1401 2560; x_wconf 88' lang='lat' dir='ltr'><strong>a</strong></span> <span class='ocrx_word' id='word_1_284' title='bbox 1473 2509 1698 2562; x_wconf 88' lang='lat' dir='ltr'><strong>mortem</strong></span> <span class='ocrx_word' id='word_1_285' title='bbox 1721 2506 2034 2577; x_wconf 84' lang='lat' dir='ltr'><strong>parandam,</strong></span> <span class='ocrx_word' id='word_1_286' title='bbox 2071 2507 2385 2562; x_wconf 84' lang='lat' dir='ltr'><strong>mutabatur</strong></span> <span class='ocrx_word' id='word_1_287' title='bbox 2402 2505 2518 2575; x_wconf 88' lang='lat' dir='ltr'><strong>illa,</strong></span> <span class='ocrx_word' id='word_1_288' title='bbox 2558 2509 2614 2561; x_wconf 90' lang='lat' dir='ltr'><strong>et</strong></span> <span class='ocrx_word' id='word_1_289' title='bbox 2635 2505 2783 2560; x_wconf 84' lang='lat' dir='ltr'><strong>aliud</strong></span> <span class='ocrx_word' id='word_1_290' title='bbox 2805 2503 3126 2560; x_wconf 82' lang='lat' dir='ltr'><strong>succedebat</strong></span> 
     </span>
     <span class='ocr_line' id='line_1_30' title="bbox 792 2571 3124 2645; baseline 0.001 -22"><span class='ocrx_word' id='word_1_291' title='bbox 792 2571 966 2624; x_wconf 91' lang='lat' dir='ltr'><strong>morbi</strong></span> <span class='ocrx_word' id='word_1_292' title='bbox 997 2588 1187 2641; x_wconf 85' lang='lat' dir='ltr'><strong>genus,</strong></span> <span class='ocrx_word' id='word_1_293' title='bbox 1262 2574 1386 2627; x_wconf 90' lang='lat' dir='ltr'><strong>riori</strong></span> <span class='ocrx_word' id='word_1_294' title='bbox 1424 2575 1536 2629; x_wconf 81' lang='lat' dir='ltr'><strong>fere</strong></span> <span class='ocrx_word' id='word_1_295' title='bbox 1571 2576 1915 2630; x_wconf 88' lang='lat' dir='ltr'><strong>contrarium.</strong></span> <span class='ocrx_word' id='word_1_296' title='bbox 1985 2575 2159 2645; x_wconf 91' lang='lat' dir='ltr'><strong>[Prius</strong></span> <span class='ocrx_word' id='word_1_297' title='bbox 2195 2575 2335 2630; x_wconf 90' lang='lat' dir='ltr'><strong>enim</strong></span> <span class='ocrx_word' id='word_1_298' title='bbox 2370 2575 2613 2630; x_wconf 89' lang='lat' dir='ltr'><strong>membra</strong></span> <span class='ocrx_word' id='word_1_299' title='bbox 2649 2578 2806 2629; x_wconf 88' lang='lat' dir='ltr'><strong>aestu</strong></span> <span class='ocrx_word' id='word_1_300' title='bbox 2840 2572 2977 2641; x_wconf 63' lang='lat' dir='ltr'><strong>(siti)</strong></span> <span class='ocrx_word' id='word_1_301' title='bbox 3011 2576 3124 2627; x_wconf 87' lang='lat' dir='ltr'><strong>tor-</strong></span> 
     </span>
     <span class='ocr_line' id='line_1_31' title="bbox 791 2590 3124 2719; baseline 0.001 -27"><span class='ocrx_word' id='word_1_302' title='bbox 791 2637 950 2717; x_wconf 44' lang='lat' dir='ltr'><strong>ride..</strong></span> <span class='ocrx_word' id='word_1_303' title='bbox 989 2643 1181 2719; x_wconf 75' lang='lat' dir='ltr'><strong>postea</strong></span> <span class='ocrx_word' id='word_1_304' title='bbox 1222 2590 1385 2695; x_wconf 56' lang='lat' dir='ltr'><strong>fluido</strong></span> <span class='ocrx_word' id='word_1_305' title='bbox 1421 2641 1626 2712; x_wconf 83' lang='lat' dir='ltr'><strong>liquore</strong></span> <span class='ocrx_word' id='word_1_306' title='bbox 1658 2642 1840 2698; x_wconf 88' lang='lat' dir='ltr'><strong>soluta</strong></span> <span class='ocrx_word' id='word_1_307' title='bbox 1872 2659 1986 2699; x_wconf 89' lang='lat' dir='ltr'><strong>esse</strong></span> <span class='ocrx_word' id='word_1_308' title='bbox 2020 2645 2342 2713; x_wconf 89' lang='lat' dir='ltr'><strong>narrantur.]</strong></span> <span class='ocrx_word' id='word_1_309' title='bbox 2378 2673 2403 2684; x_wconf 94' lang='lat'><em>-</em></span> <span class='ocrx_word' id='word_1_310' title='bbox 2436 2672 2460 2684; x_wconf 91' lang='lat'>-</span> <span class='ocrx_word' id='word_1_311' title='bbox 2493 2672 2518 2684; x_wconf 89' lang='lat'><strong>·</strong></span> <span class='ocrx_word' id='word_1_312' title='bbox 2552 2642 2750 2711; x_wconf 80' lang='lat' dir='ltr'><strong>Aperte</strong></span> <span class='ocrx_word' id='word_1_313' title='bbox 2786 2640 3021 2697; x_wconf 82' lang='lat' dir='ltr'><strong>intendit</strong></span> <span class='ocrx_word' id='word_1_314' title='bbox 3053 2640 3124 2695; x_wconf 91' lang='lat' dir='ltr'><strong>ad</strong></span> 
     </span>
     <span class='ocr_line' id='line_1_32' title="bbox 791 2708 3124 2780; baseline 0.002 -21"><span class='ocrx_word' id='word_1_315' title='bbox 791 2708 983 2760; x_wconf 77' lang='lat' dir='ltr'><strong>mortis</strong></span> <span class='ocrx_word' id='word_1_316' title='bbox 1017 2723 1209 2762; x_wconf 74' lang='lat' dir='ltr'><strong>miram</strong></span> <span class='ocrx_word' id='word_1_317' title='bbox 1244 2710 1578 2774; x_wconf 80' lang='lat' dir='ltr'><strong>varietatem,</strong></span> <span class='ocrx_word' id='word_1_318' title='bbox 1615 2727 1722 2780; x_wconf 89' lang='lat' dir='ltr'><strong>qua</strong></span> <span class='ocrx_word' id='word_1_319' title='bbox 1758 2727 1814 2765; x_wconf 87' lang='lat' dir='ltr'><strong>re</strong></span> <span class='ocrx_word' id='word_1_320' title='bbox 1848 2712 2028 2776; x_wconf 88' lang='lat' dir='ltr'><strong>fiebat,</strong></span> <span class='ocrx_word' id='word_1_321' title='bbox 2065 2715 2130 2765; x_wconf 91' lang='lat' dir='ltr'><strong>ut</strong></span> <span class='ocrx_word' id='word_1_322' title='bbox 2160 2710 2305 2765; x_wconf 88' lang='lat' dir='ltr'><strong>haud</strong></span> <span class='ocrx_word' id='word_1_323' title='bbox 2341 2708 2573 2779; x_wconf 89' lang='lat' dir='ltr'><strong>simplici</strong></span> <span class='ocrx_word' id='word_1_324' title='bbox 2607 2709 2764 2764; x_wconf 90' lang='lat' dir='ltr'><strong>modo</strong></span> <span class='ocrx_word' id='word_1_325' title='bbox 2783 2726 2925 2763; x_wconf 88' lang='lat' dir='ltr'><strong>mors</strong></span> <span class='ocrx_word' id='word_1_326' title='bbox 2948 2725 3124 2764; x_wconf 89' lang='lat' dir='ltr'><strong>accer-</strong></span> 
     </span>
     <span class='ocr_line' id='line_1_33' title="bbox 793 2775 3120 2842; baseline 0.002 -15"><span class='ocrx_word' id='word_1_327' title='bbox 793 2775 1059 2829; x_wconf 85' lang='lat' dir='ltr'><strong>seretur.“</strong></span> <span class='ocrx_word' id='word_1_328' title='bbox 1128 2775 1378 2832; x_wconf 86' lang='lat' dir='ltr'><strong>Ceterum</strong></span> <span class='ocrx_word' id='word_1_329' title='bbox 1422 2777 1488 2833; x_wconf 90' lang='lat' dir='ltr'><strong>de</strong></span> <span class='ocrx_word' id='word_1_330' title='bbox 1532 2778 1640 2832; x_wconf 68' lang='lat' dir='ltr'><strong>viis</strong></span> <span class='ocrx_word' id='word_1_331' title='bbox 1678 2780 1870 2833; x_wconf 69' lang='lat' dir='ltr'><strong>mortis</strong></span> <span class='ocrx_word' id='word_1_332' title='bbox 1918 2780 1988 2833; x_wconf 79' lang='lat' dir='ltr'><strong>cf.</strong></span> <span class='ocrx_word' id='word_1_333' title='bbox 2025 2795 2074 2833; x_wconf 86' lang='lat' dir='ltr'><strong>v.</strong></span> <span class='ocrx_word' id='word_1_334' title='bbox 2110 2795 2153 2833; x_wconf 89' lang='lat' dir='ltr'><strong>c.</strong></span> <span class='ocrx_word' id='word_1_335' title='bbox 2193 2777 2345 2833; x_wconf 82' lang='lat' dir='ltr'><strong>Ovid.</strong></span> <span class='ocrx_word' id='word_1_336' title='bbox 2383 2778 2517 2832; x_wconf 79' lang='lat' dir='ltr'><strong>Met.</strong></span> <span class='ocrx_word' id='word_1_337' title='bbox 2555 2776 2650 2842; x_wconf 88' lang='lat' dir='ltr'><strong>XI,</strong></span> <span class='ocrx_word' id='word_1_338' title='bbox 2689 2781 2803 2832; x_wconf 90' lang='grc'><strong>792.</strong></span> <span class='ocrx_word' id='word_1_339' title='bbox 2840 2776 3038 2831; x_wconf 86' lang='lat' dir='ltr'><strong>Tibull.</strong></span> <span class='ocrx_word' id='word_1_340' title='bbox 3076 2775 3120 2841; x_wconf 90' lang='lat'><strong>1,</strong></span> 
     </span>
     <span class='ocr_line' id='line_1_34' title="bbox 792 2841 3122 2910; baseline 0.001 -15"><span class='ocrx_word' id='word_1_341' title='bbox 792 2845 842 2905; x_wconf 86' lang='grc'><strong>3,</strong></span> <span class='ocrx_word' id='word_1_342' title='bbox 885 2848 966 2897; x_wconf 87' lang='grc'><strong>50.</strong></span> <span class='ocrx_word' id='word_1_343' title='bbox 1006 2841 1127 2897; x_wconf 82' lang='lat' dir='ltr'><strong>Val.</strong></span> <span class='ocrx_word' id='word_1_344' title='bbox 1162 2843 1248 2899; x_wconf 88' lang='lat' dir='ltr'><strong>Fl.</strong></span> <span class='ocrx_word' id='word_1_345' title='bbox 1283 2845 1328 2909; x_wconf 87' lang='grc' dir='ltr'><strong>Ι,</strong></span> <span class='ocrx_word' id='word_1_346' title='bbox 1368 2848 1447 2900; x_wconf 92' lang='grc'><strong>32.</strong></span> <span class='ocrx_word' id='word_1_347' title='bbox 1484 2845 1638 2900; x_wconf 91' lang='lat' dir='ltr'><strong>Lucr.</strong></span> <span class='ocrx_word' id='word_1_348' title='bbox 1672 2846 1746 2909; x_wconf 85' lang='lat'><strong>11,</strong></span> <span class='ocrx_word' id='word_1_349' title='bbox 1782 2849 1899 2901; x_wconf 88' lang='grc'><strong>916.</strong></span> <span class='ocrx_word' id='word_1_350' title='bbox 1936 2847 2052 2901; x_wconf 77' lang='lat' dir='ltr'><strong>Liv.</strong></span> <span class='ocrx_word' id='word_1_351' title='bbox 2079 2845 2273 2910; x_wconf 78' lang='lat' dir='ltr'><strong>ml,</strong></span> <span class='ocrx_word' id='word_1_352' title='bbox 2314 2848 2393 2909; x_wconf 84' lang='lat'><strong>18,</strong></span> <span class='ocrx_word' id='word_1_353' title='bbox 2433 2850 2479 2901; x_wconf 89' lang='grc'><strong>7.</strong></span> <span class='ocrx_word' id='word_1_354' title='bbox 2516 2844 2670 2900; x_wconf 88' lang='lat' dir='ltr'><strong>Grat.</strong></span> <span class='ocrx_word' id='word_1_355' title='bbox 2709 2845 2839 2909; x_wconf 75' lang='lat' dir='ltr'><strong>cyn.</strong></span> <span class='ocrx_word' id='word_1_356' title='bbox 2865 2849 3002 2908; x_wconf 88' lang='grc'><strong>409.,</strong></span> <span class='ocrx_word' id='word_1_357' title='bbox 3029 2844 3122 2898; x_wconf 91' lang='lat' dir='ltr'><strong>ubi</strong></span> 
     </span>
     <span class='ocr_line' id='line_1_35' title="bbox 792 2908 3123 2984; baseline 0.001 -21"><span class='ocrx_word' id='word_1_358' title='bbox 792 2908 892 2963; x_wconf 65' lang='lat' dir='ltr'><strong>leti</strong></span> <span class='ocrx_word' id='word_1_359' title='bbox 923 2909 1051 2965; x_wconf 75' lang='lat' dir='ltr'><strong>viae</strong></span> <span class='ocrx_word' id='word_1_360' title='bbox 1108 2910 1302 2966; x_wconf 84' lang='lat' dir='ltr'><strong>Tibull.</strong></span> <span class='ocrx_word' id='word_1_361' title='bbox 1341 2912 1394 2977; x_wconf 90' lang='lat'><strong>1,</strong></span> <span class='ocrx_word' id='word_1_362' title='bbox 1433 2918 1482 2977; x_wconf 91' lang='grc'><strong>9,</strong></span> <span class='ocrx_word' id='word_1_363' title='bbox 1522 2917 1571 2968; x_wconf 89' lang='grc'><strong>4.</strong></span> <span class='ocrx_word' id='word_1_364' title='bbox 1615 2913 1768 2968; x_wconf 85' lang='lat' dir='ltr'><strong>Grat.</strong></span> <span class='ocrx_word' id='word_1_365' title='bbox 1807 2914 1940 2984; x_wconf 74' lang='lat' dir='ltr'><strong>Cyn.</strong></span> <span class='ocrx_word' id='word_1_366' title='bbox 1978 2918 2091 2970; x_wconf 87' lang='grc'><strong>357.</strong></span> <span class='ocrx_word' id='word_1_367' title='bbox 2129 2917 2184 2969; x_wconf 90' lang='lat' dir='ltr'><strong>et</strong></span> <span class='ocrx_word' id='word_1_368' title='bbox 2221 2913 2374 2969; x_wconf 88' lang='lat' dir='ltr'><strong>Oros.</strong></span> <span class='ocrx_word' id='word_1_369' title='bbox 2409 2914 2475 2978; x_wconf 88' lang='lat' dir='ltr'><strong>V,</strong></span> <span class='ocrx_word' id='word_1_370' title='bbox 2513 2916 2617 2975; x_wconf 75' lang='lat'><strong>21„</strong></span> <span class='ocrx_word' id='word_1_371' title='bbox 2656 2912 2751 2966; x_wconf 93' lang='lat' dir='ltr'><strong>ubi</strong></span> <span class='ocrx_word' id='word_1_372' title='bbox 2780 2912 2976 2966; x_wconf 77' lang='lat' dir='ltr'><strong>mortis</strong></span> <span class='ocrx_word' id='word_1_373' title='bbox 3008 2912 3123 2979; x_wconf 78' lang='lat' dir='ltr'><strong>via,</strong></span> 
     </span>
     <span class='ocr_line' id='line_1_36' title="bbox 791 2951 3120 3098; baseline 0.002 -67"><span class='ocrx_word' id='word_1_374' title='bbox 791 2975 964 3098; x_wconf 53' lang='lat' dir='ltr'><strong>ssluinc</strong></span> <span class='ocrx_word' id='word_1_375' title='bbox 996 3019 1008 3033; x_wconf 92' lang='lat'><strong>.</strong></span> <span class='ocrx_word' id='word_1_376' title='bbox 1045 2951 1195 3034; x_wconf 73' lang='lat' dir='ltr'><strong>beel.</strong></span> <span class='ocrx_word' id='word_1_377' title='bbox 1230 2979 1400 3043; x_wconf 80' lang='lat' dir='ltr'><strong>xm,</strong></span> <span class='ocrx_word' id='word_1_378' title='bbox 1442 2985 1538 3045; x_wconf 61' lang='grc' dir='ltr'><strong>ιδ..</strong></span> <span class='ocrx_word' id='word_1_379' title='bbox 1575 2981 1668 3035; x_wconf 76' lang='lat' dir='ltr'><strong>ubi</strong></span> <span class='ocrx_word' id='word_1_380' title='bbox 1734 2990 1950 3037; x_wconf 59' lang='lat' dir='ltr'><strong>anorum</strong></span> <span class='ocrx_word' id='word_1_381' title='bbox 1983 2984 2108 3036; x_wconf 61' lang='lat' dir='ltr'><strong>viae</strong></span> <span class='ocrx_word' id='word_1_382' title='bbox 2141 2983 2638 3045; x_wconf 72' lang='lat' dir='ltr'><strong>commemorantur,</strong></span> <span class='ocrx_word' id='word_1_383' title='bbox 2674 2978 2860 3034; x_wconf 76' lang='lat' dir='ltr'><strong>surm.</strong></span> <span class='ocrx_word' id='word_1_384' title='bbox 2896 2979 2964 3034; x_wconf 67' lang='lat' dir='ltr'><strong>aa</strong></span> <span class='ocrx_word' id='word_1_385' title='bbox 3004 2979 3120 3035; x_wconf 74' lang='lat' dir='ltr'><strong>val.</strong></span> 
     </span>
    </p>

    <p class='ocr_par' dir='ltr' id='par_1_8' title="bbox 788 3044 3124 4751">
     <span class='ocr_line' id='line_1_37' title="bbox 861 3044 3120 3120; baseline 0.001 -21"><span class='ocrx_word' id='word_1_386' title='bbox 861 3087 874 3100; x_wconf 95' lang='lat'><strong>.</strong></span> <span class='ocrx_word' id='word_1_387' title='bbox 910 3044 956 3110; x_wconf 84' lang='lat'><strong>1,</strong></span> <span class='ocrx_word' id='word_1_388' title='bbox 992 3049 1109 3100; x_wconf 83' lang='grc'><strong>501.</strong></span> <span class='ocrx_word' id='word_1_389' title='bbox 1144 3051 1202 3101; x_wconf 90' lang='lat' dir='ltr'><strong>et</strong></span> <span class='ocrx_word' id='word_1_390' title='bbox 1232 3046 1531 3103; x_wconf 88' lang='lat' dir='ltr'><strong>Broukhus.</strong></span> <span class='ocrx_word' id='word_1_391' title='bbox 1571 3048 1640 3103; x_wconf 82' lang='lat' dir='ltr'><strong>ad</strong></span> <span class='ocrx_word' id='word_1_392' title='bbox 1721 3067 1832 3120; x_wconf 91' lang='lat' dir='ltr'><strong>rop.</strong></span> <span class='ocrx_word' id='word_1_393' title='bbox 1868 3049 1969 3111; x_wconf 83' lang='lat' dir='ltr'><strong>m,</strong></span> <span class='ocrx_word' id='word_1_394' title='bbox 2005 3055 2053 3114; x_wconf 90' lang='lat'><strong>5,</strong></span> <span class='ocrx_word' id='word_1_395' title='bbox 2078 3053 2164 3103; x_wconf 79' lang='grc'><strong>44.</strong></span> <span class='ocrx_word' id='word_1_396' title='bbox 2201 3050 2415 3105; x_wconf 83' lang='lat' dir='ltr'><strong>Servius</strong></span> <span class='ocrx_word' id='word_1_397' title='bbox 2448 3047 2592 3103; x_wconf 88' lang='lat' dir='ltr'><strong>hunc</strong></span> <span class='ocrx_word' id='word_1_398' title='bbox 2626 3046 2802 3101; x_wconf 89' lang='lat' dir='ltr'><strong>locum</strong></span> <span class='ocrx_word' id='word_1_399' title='bbox 2824 3047 2939 3102; x_wconf 91' lang='lat' dir='ltr'><strong>loco</strong></span> <span class='ocrx_word' id='word_1_400' title='bbox 2963 3047 3120 3102; x_wconf 93' lang='lat' dir='ltr'><strong>modo</strong></span> 
     </span>
     <span class='ocr_line' id='line_1_38' title="bbox 791 3111 3122 3198; baseline 0 -31"><span class='ocrx_word' id='word_1_401' title='bbox 791 3111 940 3168; x_wconf 86' lang='lat' dir='ltr'><strong>laud.</strong></span> <span class='ocrx_word' id='word_1_402' title='bbox 989 3114 1162 3180; x_wconf 88' lang='lat' dir='ltr'><strong>(cuius</strong></span> <span class='ocrx_word' id='word_1_403' title='bbox 1207 3116 1370 3170; x_wconf 88' lang='lat' dir='ltr'><strong>etiam</strong></span> <span class='ocrx_word' id='word_1_404' title='bbox 1405 3116 1558 3171; x_wconf 89' lang='lat' dir='ltr'><strong>Oros.</strong></span> <span class='ocrx_word' id='word_1_405' title='bbox 1610 3133 1815 3173; x_wconf 89' lang='lat' dir='ltr'><strong>memor</strong></span> <span class='ocrx_word' id='word_1_406' title='bbox 1855 3122 1940 3172; x_wconf 92' lang='lat' dir='ltr'><strong>est</strong></span> <span class='ocrx_word' id='word_1_407' title='bbox 1974 3118 2234 3174; x_wconf 84' lang='lat' dir='ltr'><strong>scribens:</strong></span> <span class='ocrx_word' id='word_1_408' title='bbox 2294 3134 2392 3172; x_wconf 76' lang='lat' dir='ltr'><strong>nec</strong></span> <span class='ocrx_word' id='word_1_409' title='bbox 2433 3117 2610 3198; x_wconf 61' lang='lat' dir='ltr'><strong>ipsiu</strong></span> <span class='ocrx_word' id='word_1_410' title='bbox 2646 3115 2838 3170; x_wconf 69' lang='lat' dir='ltr'><strong>mortis</strong></span> <span class='ocrx_word' id='word_1_411' title='bbox 2876 3123 2997 3170; x_wconf 76' lang='lat' dir='ltr'><strong>erat</strong></span> <span class='ocrx_word' id='word_1_412' title='bbox 3028 3115 3122 3169; x_wconf 77' lang='lat' dir='ltr'><strong>via</strong></span> 
     </span>
     <span class='ocr_line' id='line_1_39' title="bbox 788 3179 3123 3255; baseline 0.001 -21"><span class='ocrx_word' id='word_1_413' title='bbox 788 3179 1021 3252; x_wconf 65' lang='lat' dir='ltr'><strong>simplex</strong></span> <span class='ocrx_word' id='word_1_414' title='bbox 1062 3189 1162 3236; x_wconf 75' lang='lat' dir='ltr'><strong>aut</strong></span> <span class='ocrx_word' id='word_1_415' title='bbox 1198 3200 1312 3238; x_wconf 77' lang='lat' dir='ltr'><strong>una</strong></span> <span class='ocrx_word' id='word_1_416' title='bbox 1354 3183 1624 3243; x_wconf 73' lang='lat' dir='ltr'><strong>conditio)</strong></span> <span class='ocrx_word' id='word_1_417' title='bbox 1672 3203 1732 3241; x_wconf 83' lang='lat' dir='ltr'><strong>ex</strong></span> <span class='ocrx_word' id='word_1_418' title='bbox 1774 3185 2021 3240; x_wconf 86' lang='lat' dir='ltr'><strong>Sallustii</strong></span> <span class='ocrx_word' id='word_1_419' title='bbox 2075 3185 2250 3240; x_wconf 86' lang='lat' dir='ltr'><strong>verbis</strong></span> <span class='ocrx_word' id='word_1_420' title='bbox 2298 3202 2367 3238; x_wconf 77' lang='lat' dir='ltr'><strong>ne</strong></span> <span class='ocrx_word' id='word_1_421' title='bbox 2408 3184 2655 3255; x_wconf 68' lang='lat' dir='ltr'><strong>semplici</strong></span> <span class='ocrx_word' id='word_1_422' title='bbox 2695 3184 2913 3252; x_wconf 77' lang='lat' dir='ltr'><strong>quidem</strong></span> <span class='ocrx_word' id='word_1_423' title='bbox 2952 3190 3123 3236; x_wconf 81' lang='lat' dir='ltr'><strong>morte</strong></span> 
     </span>
     <span class='ocr_line' id='line_1_40' title="bbox 788 3250 3120 3330; baseline 0.001 -28"><span class='ocrx_word' id='word_1_424' title='bbox 788 3250 1164 3303; x_wconf 62' lang='lat' dir='ltr'><strong>moriebantur</strong></span> <span class='ocrx_word' id='word_1_425' title='bbox 1197 3251 1285 3317; x_wconf 75' lang='lat' dir='ltr'><strong>(fr.</strong></span> <span class='ocrx_word' id='word_1_426' title='bbox 1321 3256 1406 3306; x_wconf 88' lang='grc'><strong>40.</strong></span> <span class='ocrx_word' id='word_1_427' title='bbox 1446 3251 1615 3313; x_wconf 77' lang='lat' dir='ltr'><strong>Gerl.)</strong></span> <span class='ocrx_word' id='word_1_428' title='bbox 1649 3253 1862 3309; x_wconf 76' lang='lat' dir='ltr'><strong>fluxisse</strong></span> <span class='ocrx_word' id='word_1_429' title='bbox 1899 3256 2074 3323; x_wconf 88' lang='lat' dir='ltr'><strong>putat.</strong></span> <span class='ocrx_word' id='word_1_430' title='bbox 2109 3286 2175 3295; x_wconf 87' lang='lat'><strong>·-</strong></span> <span class='ocrx_word' id='word_1_431' title='bbox 2210 3250 2522 3313; x_wconf 81' lang='lat'><strong>482—485.</strong></span> <span class='ocrx_word' id='word_1_432' title='bbox 2565 3250 2845 3317; x_wconf 85' lang='lat' dir='ltr'><strong>„Primum</strong></span> <span class='ocrx_word' id='word_1_433' title='bbox 2868 3253 3024 3330; x_wconf 78' lang='lat' dir='ltr'><strong>aestu</strong></span> <span class='ocrx_word' id='word_1_434' title='bbox 3044 3250 3120 3304; x_wconf 84' lang='lat' dir='ltr'><strong>fe-</strong></span> 
     </span>
     <span class='ocr_line' id='line_1_41' title="bbox 791 3316 3122 3391; baseline 0.001 -21"><span class='ocrx_word' id='word_1_435' title='bbox 791 3316 906 3371; x_wconf 88' lang='lat' dir='ltr'><strong>bris</strong></span> <span class='ocrx_word' id='word_1_436' title='bbox 942 3317 954 3330; x_wconf 86' lang='lat'><strong>&#39;</strong></span> <span class='ocrx_word' id='word_1_437' title='bbox 1064 3318 1148 3372; x_wconf 89' lang='lat' dir='ltr'><strong>nti</strong></span> <span class='ocrx_word' id='word_1_438' title='bbox 1181 3333 1244 3373; x_wconf 85' lang='lat' dir='ltr'><strong>ac</strong></span> <span class='ocrx_word' id='word_1_439' title='bbox 1280 3319 1372 3373; x_wconf 88' lang='lat' dir='ltr'><strong>siti</strong></span> <span class='ocrx_word' id='word_1_440' title='bbox 1406 3322 1583 3374; x_wconf 84' lang='lat' dir='ltr'><strong>totum</strong></span> <span class='ocrx_word' id='word_1_441' title='bbox 1618 3336 1806 3391; x_wconf 88' lang='lat' dir='ltr'><strong>corpus</strong></span> <span class='ocrx_word' id='word_1_442' title='bbox 1825 3322 2146 3386; x_wconf 84' lang='lat' dir='ltr'><strong>torrebatur,</strong></span> <span class='ocrx_word' id='word_1_443' title='bbox 2171 3338 2289 3375; x_wconf 87' lang='lat' dir='ltr'><strong>mox</strong></span> <span class='ocrx_word' id='word_1_444' title='bbox 2310 3319 2725 3375; x_wconf 86' lang='lat' dir='ltr'><strong>contabescebat</strong></span> <span class='ocrx_word' id='word_1_445' title='bbox 2745 3318 3122 3388; x_wconf 75' lang='lat' dir='ltr'><strong>colliquatlone</strong></span> 
     </span>
     <span class='ocr_line' id='line_1_42' title="bbox 793 3333 3121 3460; baseline 0 -21"><span class='ocrx_word' id='word_1_446' title='bbox 793 3400 857 3438; x_wconf 89' lang='lat' dir='ltr'><strong>ac</strong></span> <span class='ocrx_word' id='word_1_447' title='bbox 891 3333 1217 3441; x_wconf 39' lang='lat' dir='ltr'><strong>mwoeione</strong></span> <span class='ocrx_word' id='word_1_448' title='bbox 1255 3386 1492 3441; x_wconf 89' lang='lat' dir='ltr'><strong>omnium</strong></span> <span class='ocrx_word' id='word_1_449' title='bbox 1528 3387 1868 3443; x_wconf 85' lang='lat' dir='ltr'><strong>humorum.“</strong></span> <span class='ocrx_word' id='word_1_450' title='bbox 1904 3390 2082 3460; x_wconf 73' lang='lat' dir='ltr'><strong>Heyn.</strong></span> <span class='ocrx_word' id='word_1_451' title='bbox 2117 3420 2185 3430; x_wconf 92' lang='lat'>-</span> <span class='ocrx_word' id='word_1_452' title='bbox 2219 3388 2388 3443; x_wconf 71' lang='lat' dir='ltr'><strong>Sitis</strong></span> <span class='ocrx_word' id='word_1_453' title='bbox 2420 3404 2518 3458; x_wconf 90' lang='lat' dir='ltr'><strong>pro</strong></span> <span class='ocrx_word' id='word_1_454' title='bbox 2553 3391 2725 3450; x_wconf 86' lang='lat' dir='ltr'><strong>aestu,</strong></span> <span class='ocrx_word' id='word_1_455' title='bbox 2763 3387 2954 3449; x_wconf 85' lang='lat' dir='ltr'><strong>calore,</strong></span> <span class='ocrx_word' id='word_1_456' title='bbox 2980 3387 3121 3441; x_wconf 88' lang='lat' dir='ltr'><strong>unde</strong></span> 
     </span>
     <span class='ocr_line' id='line_1_43' title="bbox 794 3451 3121 3526; baseline 0.001 -20"><span class='ocrx_word' id='word_1_457' title='bbox 794 3451 914 3507; x_wconf 85' lang='lat' dir='ltr'><strong>sitis</strong></span> <span class='ocrx_word' id='word_1_458' title='bbox 955 3453 1145 3516; x_wconf 86' lang='lat' dir='ltr'><strong>oritur,</strong></span> <span class='ocrx_word' id='word_1_459' title='bbox 1185 3457 1249 3507; x_wconf 91' lang='lat' dir='ltr'><strong>ut</strong></span> <span class='ocrx_word' id='word_1_460' title='bbox 1279 3455 1389 3509; x_wconf 89' lang='lat' dir='ltr'><strong>iam</strong></span> <span class='ocrx_word' id='word_1_461' title='bbox 1424 3454 1637 3510; x_wconf 81' lang='lat' dir='ltr'><strong>Servius</strong></span> <span class='ocrx_word' id='word_1_462' title='bbox 1671 3458 1930 3526; x_wconf 85' lang='lat' dir='ltr'><strong>exposuit.</strong></span> <span class='ocrx_word' id='word_1_463' title='bbox 1999 3457 2083 3512; x_wconf 87' lang='lat' dir='ltr'><strong>Cf.</strong></span> <span class='ocrx_word' id='word_1_464' title='bbox 2122 3457 2275 3511; x_wconf 90' lang='lat' dir='ltr'><strong>Lucr.</strong></span> <span class='ocrx_word' id='word_1_465' title='bbox 2310 3455 2404 3520; x_wconf 87' lang='lat' dir='ltr'><strong>VI,</strong></span> <span class='ocrx_word' id='word_1_466' title='bbox 2445 3458 2592 3511; x_wconf 86' lang='grc'><strong>1263.</strong></span> <span class='ocrx_word' id='word_1_467' title='bbox 2636 3455 2826 3510; x_wconf 71' lang='lat' dir='ltr'><strong>Multa</strong></span> <span class='ocrx_word' id='word_1_468' title='bbox 2864 3454 2960 3508; x_wconf 70' lang='lat' dir='ltr'><strong>siti</strong></span> <span class='ocrx_word' id='word_1_469' title='bbox 2983 3472 3121 3524; x_wconf 80' lang='lat' dir='ltr'><strong>pro-</strong></span> 
     </span>
     <span class='ocr_line' id='line_1_44' title="bbox 791 3522 3118 3604; baseline 0.001 -30"><span class='ocrx_word' id='word_1_470' title='bbox 791 3528 971 3575; x_wconf 76' lang='lat' dir='ltr'><strong>strata</strong></span> <span class='ocrx_word' id='word_1_471' title='bbox 1005 3522 1154 3576; x_wconf 71' lang='lat' dir='ltr'><strong>viam</strong></span> <span class='ocrx_word' id='word_1_472' title='bbox 1387 3540 1421 3576; x_wconf 92' lang='lat' dir='ltr'><strong>o</strong></span> <span class='ocrx_word' id='word_1_473' title='bbox 1556 3526 1746 3579; x_wconf 73' lang='lat' dir='ltr'><strong>voluta</strong></span> <span class='ocrx_word' id='word_1_474' title='bbox 1783 3523 2052 3604; x_wconf 66' lang='lat' dir='ltr'><strong>Corpora.</strong></span> <span class='ocrx_word' id='word_1_475' title='bbox 2096 3524 2301 3594; x_wconf 77' lang='lat' dir='ltr'><strong>„sitis</strong></span> <span class='ocrx_word' id='word_1_476' title='bbox 2332 3525 2537 3592; x_wconf 71' lang='lat' dir='ltr'><strong>iquea</strong></span> <span class='ocrx_word' id='word_1_477' title='bbox 2571 3522 2626 3577; x_wconf 92' lang='lat' dir='ltr'><strong>h.</strong></span> <span class='ocrx_word' id='word_1_478' title='bbox 2671 3538 2716 3577; x_wconf 90' lang='lat' dir='ltr'><strong>e.</strong></span> <span class='ocrx_word' id='word_1_479' title='bbox 2755 3523 2912 3585; x_wconf 90' lang='lat' dir='ltr'><strong>sicca,</strong></span> <span class='ocrx_word' id='word_1_480' title='bbox 2948 3522 3118 3590; x_wconf 84' lang='lat' dir='ltr'><strong>arida,</strong></span> 
     </span>
     <span class='ocr_line' id='line_1_45' title="bbox 794 3541 3119 3672; baseline 0 -30"><span class='ocrx_word' id='word_1_481' title='bbox 794 3588 1033 3669; x_wconf 48' lang='lat' dir='ltr'><strong>ut·Stat.</strong></span> <span class='ocrx_word' id='word_1_482' title='bbox 1072 3588 1185 3643; x_wconf 86' lang='lat' dir='ltr'><strong>The</strong></span> <span class='ocrx_word' id='word_1_483' title='bbox 1226 3629 1240 3642; x_wconf 90' lang='lat'><strong>.</strong></span> <span class='ocrx_word' id='word_1_484' title='bbox 1277 3541 1386 3653; x_wconf 49' lang='lat'>1⁴63·</span> <span class='ocrx_word' id='word_1_485' title='bbox 1442 3595 1526 3672; x_wconf 74' lang='grc'><strong>99.</strong></span> <span class='ocrx_word' id='word_1_486' title='bbox 1580 3593 1769 3645; x_wconf 73' lang='lat' dir='ltr'><strong>haurit</strong></span> <span class='ocrx_word' id='word_1_487' title='bbox 1797 3594 1920 3646; x_wconf 68' lang='lat' dir='ltr'><strong>ciac</strong></span> <span class='ocrx_word' id='word_1_488' title='bbox 1951 3593 2110 3661; x_wconf 72' lang='lat' dir='ltr'><strong>iyvoea</strong></span> <span class='ocrx_word' id='word_1_489' title='bbox 2146 3610 2400 3663; x_wconf 74' lang='lat' dir='ltr'><strong>campos,</strong></span> <span class='ocrx_word' id='word_1_490' title='bbox 2454 3592 2548 3646; x_wconf 92' lang='lat' dir='ltr'><strong>ubi</strong></span> <span class='ocrx_word' id='word_1_491' title='bbox 2595 3591 2690 3645; x_wconf 87' lang='lat' dir='ltr'><strong>alii</strong></span> <span class='ocrx_word' id='word_1_492' title='bbox 2732 3606 2791 3645; x_wconf 87' lang='lat' dir='ltr'><strong>ex</strong></span> <span class='ocrx_word' id='word_1_493' title='bbox 2829 3592 3119 3671; x_wconf 75' lang='lat' dir='ltr'><strong>interpret.</strong></span> 
     </span>
     <span class='ocr_line' id='line_1_46' title="bbox 794 3658 3120 3730; baseline 0 -20"><span class='ocrx_word' id='word_1_494' title='bbox 794 3658 976 3711; x_wconf 77' lang='lat' dir='ltr'><strong>anda.</strong></span> <span class='ocrx_word' id='word_1_495' title='bbox 1015 3686 1077 3697; x_wconf 94' lang='lat'>—</span> <span class='ocrx_word' id='word_1_496' title='bbox 1114 3666 1267 3712; x_wconf 78' lang='lat' dir='ltr'><strong>acta</strong></span> <span class='ocrx_word' id='word_1_497' title='bbox 1303 3660 1598 3713; x_wconf 74' lang='lat' dir='ltr'><strong>omnzbue</strong></span> <span class='ocrx_word' id='word_1_498' title='bbox 1628 3662 1836 3728; x_wconf 76' lang='lat' dir='ltr'><strong>venie,</strong></span> <span class='ocrx_word' id='word_1_499' title='bbox 1871 3676 1964 3730; x_wconf 88' lang='lat' dir='ltr'><strong>per</strong></span> <span class='ocrx_word' id='word_1_500' title='bbox 1999 3677 2181 3715; x_wconf 89' lang='lat' dir='ltr'><strong>omnes</strong></span> <span class='ocrx_word' id='word_1_501' title='bbox 2209 3677 2368 3715; x_wconf 83' lang='lat' dir='ltr'><strong>venas</strong></span> <span class='ocrx_word' id='word_1_502' title='bbox 2438 3664 2706 3723; x_wconf 79' lang='lat' dir='ltr'><strong>enetrans,</strong></span> <span class='ocrx_word' id='word_1_503' title='bbox 2743 3675 2800 3714; x_wconf 87' lang='lat' dir='ltr'><strong>se</strong></span> <span class='ocrx_word' id='word_1_504' title='bbox 2823 3675 3120 3714; x_wconf 72' lang='lat' dir='ltr'><strong>insinuans,</strong></span> 
     </span>
     <span class='ocr_line' id='line_1_47' title="bbox 794 3723 3124 3796; baseline 0 -18"><span class='ocrx_word' id='word_1_505' title='bbox 794 3723 999 3779; x_wconf 72' lang='lat' dir='ltr'><strong>Intima</strong></span> <span class='ocrx_word' id='word_1_506' title='bbox 1032 3742 1171 3796; x_wconf 76' lang='lat' dir='ltr'><strong>pars</strong></span> <span class='ocrx_word' id='word_1_507' title='bbox 1204 3726 1481 3780; x_wconf 71' lang='lat' dir='ltr'><strong>hominum</strong></span> <span class='ocrx_word' id='word_1_508' title='bbox 1507 3727 1777 3796; x_wconf 63' lang='lat' dir='ltr'><strong>flam-avit</strong></span> <span class='ocrx_word' id='word_1_509' title='bbox 1810 3731 1891 3782; x_wconf 84' lang='lat' dir='ltr'><strong>ad</strong></span> <span class='ocrx_word' id='word_1_510' title='bbox 1921 3745 2063 3796; x_wconf 71' lang='lat' dir='ltr'><strong>ossa,</strong></span> <span class='ocrx_word' id='word_1_511' title='bbox 2098 3729 2310 3783; x_wconf 88' lang='lat' dir='ltr'><strong>Lucret.</strong></span> <span class='ocrx_word' id='word_1_512' title='bbox 2420 3768 2432 3790; x_wconf 88' lang='lat'><strong>,</strong></span> <span class='ocrx_word' id='word_1_513' title='bbox 2467 3731 2611 3783; x_wconf 87' lang='grc'><strong>1166.</strong></span> <span class='ocrx_word' id='word_1_514' title='bbox 2648 3757 2710 3767; x_wconf 95' lang='grc'><strong>-</strong></span> <span class='ocrx_word' id='word_1_515' title='bbox 2753 3729 3124 3782; x_wconf 72' lang='lat' dir='ltr'><strong>adduxerat</strong></span> 
     </span>
     <span class='ocr_line' id='line_1_48' title="bbox 789 3794 3124 3866; baseline 0.002 -21"><span class='ocrx_word' id='word_1_516' title='bbox 789 3800 1005 3856; x_wconf 74' lang='lat' dir='ltr'><strong>artus,</strong></span> <span class='ocrx_word' id='word_1_517' title='bbox 1045 3795 1169 3848; x_wconf 90' lang='lat' dir='ltr'><strong>cute</strong></span> <span class='ocrx_word' id='word_1_518' title='bbox 1206 3798 1498 3859; x_wconf 87' lang='lat' dir='ltr'><strong>contracta,</strong></span> <span class='ocrx_word' id='word_1_519' title='bbox 1540 3795 1680 3866; x_wconf 85' lang='lat' dir='ltr'><strong>quod</strong></span> <span class='ocrx_word' id='word_1_520' title='bbox 1712 3797 1776 3849; x_wconf 90' lang='lat' dir='ltr'><strong>fit</strong></span> <span class='ocrx_word' id='word_1_521' title='bbox 1811 3811 1875 3850; x_wconf 90' lang='lat' dir='ltr'><strong>ea</strong></span> <span class='ocrx_word' id='word_1_522' title='bbox 1910 3801 2263 3860; x_wconf 85' lang='lat' dir='ltr'><strong>exarescente,</strong></span> <span class='ocrx_word' id='word_1_523' title='bbox 2301 3800 2364 3850; x_wconf 89' lang='lat' dir='ltr'><strong>ut</strong></span> <span class='ocrx_word' id='word_1_524' title='bbox 2399 3796 2455 3850; x_wconf 89' lang='lat' dir='ltr'><strong>in</strong></span> <span class='ocrx_word' id='word_1_525' title='bbox 2490 3794 2655 3850; x_wconf 84' lang='lat' dir='ltr'><strong>febri:</strong></span> <span class='ocrx_word' id='word_1_526' title='bbox 2706 3796 2952 3851; x_wconf 78' lang='lat' dir='ltr'><strong>adducta</strong></span> <span class='ocrx_word' id='word_1_527' title='bbox 2985 3797 3124 3850; x_wconf 73' lang='grc' dir='ltr'><strong>σιιεὶσ</strong></span> 
     </span>
     <span class='ocr_line' id='line_1_49' title="bbox 794 3858 3123 3935; baseline 0 -20"><span class='ocrx_word' id='word_1_528' title='bbox 794 3876 856 3915; x_wconf 84' lang='lat' dir='ltr'><strong>ex</strong></span> <span class='ocrx_word' id='word_1_529' title='bbox 889 3858 1078 3916; x_wconf 82' lang='lat' dir='ltr'><strong>ovidio</strong></span> <span class='ocrx_word' id='word_1_530' title='bbox 1112 3863 1242 3917; x_wconf 85' lang='lat' dir='ltr'><strong>nota</strong></span> <span class='ocrx_word' id='word_1_531' title='bbox 1274 3863 1405 3917; x_wconf 83' lang='lat' dir='ltr'><strong>Met.</strong></span> <span class='ocrx_word' id='word_1_532' title='bbox 1443 3862 1545 3925; x_wconf 90' lang='grc' dir='ltr'><strong>ΠΙ,</strong></span> <span class='ocrx_word' id='word_1_533' title='bbox 1583 3867 1739 3917; x_wconf 85' lang='grc'><strong>397.“</strong></span> <span class='ocrx_word' id='word_1_534' title='bbox 1797 3863 1974 3932; x_wconf 75' lang='lat' dir='ltr'><strong>Heyn.</strong></span> <span class='ocrx_word' id='word_1_535' title='bbox 2049 3863 2201 3919; x_wconf 85' lang='lat' dir='ltr'><strong>Adde</strong></span> <span class='ocrx_word' id='word_1_536' title='bbox 2235 3862 2401 3918; x_wconf 89' lang='lat' dir='ltr'><strong>eiusd.</strong></span> <span class='ocrx_word' id='word_1_537' title='bbox 2438 3864 2607 3935; x_wconf 86' lang='lat' dir='ltr'><strong>Epist.</strong></span> <span class='ocrx_word' id='word_1_538' title='bbox 2648 3862 2743 3924; x_wconf 82' lang='lat' dir='ltr'><strong>XI.</strong></span> <span class='ocrx_word' id='word_1_539' title='bbox 2782 3867 2866 3918; x_wconf 87' lang='grc'><strong>27.</strong></span> <span class='ocrx_word' id='word_1_540' title='bbox 2922 3863 3123 3919; x_wconf 75' lang='lat' dir='ltr'><strong>macies</strong></span> 
     </span>
     <span class='ocr_line' id='line_1_50' title="bbox 793 3929 3119 4013; baseline 0.002 -31"><span class='ocrx_word' id='word_1_541' title='bbox 793 3930 1104 3983; x_wconf 64' lang='lat' dir='ltr'><strong>adduxeras</strong></span> <span class='ocrx_word' id='word_1_542' title='bbox 1136 3938 1307 3999; x_wconf 69' lang='lat' dir='ltr'><strong>artus,</strong></span> <span class='ocrx_word' id='word_1_543' title='bbox 1346 3933 1403 3984; x_wconf 92' lang='lat' dir='ltr'><strong>et</strong></span> <span class='ocrx_word' id='word_1_544' title='bbox 1435 3929 1638 3985; x_wconf 87' lang='lat' dir='ltr'><strong>Lucan.</strong></span> <span class='ocrx_word' id='word_1_545' title='bbox 1675 3931 1767 3995; x_wconf 88' lang='lat' dir='ltr'><strong>IV,</strong></span> <span class='ocrx_word' id='word_1_546' title='bbox 1804 3935 1920 3986; x_wconf 88' lang='grc'><strong>288.</strong></span> <span class='ocrx_word' id='word_1_547' title='bbox 1971 3932 2216 4013; x_wconf 68' lang='lat' dir='ltr'><strong>Ouaque</strong></span> <span class='ocrx_word' id='word_1_548' title='bbox 2245 3934 2489 3986; x_wconf 73' lang='lat' dir='ltr'><strong>nondum</strong></span> <span class='ocrx_word' id='word_1_549' title='bbox 2519 3933 2805 3986; x_wconf 71' lang='lat' dir='ltr'><strong>adduxere</strong></span> <span class='ocrx_word' id='word_1_550' title='bbox 2834 3939 3018 3987; x_wconf 78' lang='lat' dir='ltr'><strong>cutem.</strong></span> <span class='ocrx_word' id='word_1_551' title='bbox 3053 3963 3119 3971; x_wconf 94' lang='lat'>—</span> 
     </span>
     <span class='ocr_line' id='line_1_51' title="bbox 791 3995 3121 4070; baseline 0.001 -21"><span class='ocrx_word' id='word_1_552' title='bbox 791 3995 931 4057; x_wconf 83' lang='lat'><strong>484.</strong></span> <span class='ocrx_word' id='word_1_553' title='bbox 975 3997 1250 4052; x_wconf 76' lang='lat' dir='ltr'><strong>Rursus.</strong></span> <span class='ocrx_word' id='word_1_554' title='bbox 1322 3996 1444 4052; x_wconf 86' lang='lat' dir='ltr'><strong>Vid.</strong></span> <span class='ocrx_word' id='word_1_555' title='bbox 1495 4014 1657 4068; x_wconf 88' lang='lat' dir='ltr'><strong>supra</strong></span> <span class='ocrx_word' id='word_1_556' title='bbox 1693 4016 1743 4053; x_wconf 80' lang='lat' dir='ltr'><strong>v.</strong></span> <span class='ocrx_word' id='word_1_557' title='bbox 1794 4003 1905 4054; x_wconf 86' lang='lat'><strong>138.</strong></span> <span class='ocrx_word' id='word_1_558' title='bbox 1963 4030 2029 4040; x_wconf 89' lang='lat'>—</span> <span class='ocrx_word' id='word_1_559' title='bbox 2080 4000 2306 4070; x_wconf 76' lang='lat' dir='ltr'><strong>ltquor</strong></span> <span class='ocrx_word' id='word_1_560' title='bbox 2355 4000 2647 4068; x_wconf 74' lang='lat' dir='ltr'><strong>fluidus,</strong></span> <span class='ocrx_word' id='word_1_561' title='bbox 2708 3998 2956 4056; x_wconf 86' lang='lat' dir='ltr'><strong>humores</strong></span> <span class='ocrx_word' id='word_1_562' title='bbox 3007 4015 3121 4053; x_wconf 86' lang='lat' dir='ltr'><strong>cor-</strong></span> 
     </span>
     <span class='ocr_line' id='line_1_52' title="bbox 793 4064 3121 4138; baseline 0 -19"><span class='ocrx_word' id='word_1_563' title='bbox 793 4064 958 4135; x_wconf 86' lang='lat' dir='ltr'><strong>rupti,</strong></span> <span class='ocrx_word' id='word_1_564' title='bbox 1011 4066 1218 4119; x_wconf 88' lang='lat' dir='ltr'><strong>tabum.</strong></span> <span class='ocrx_word' id='word_1_565' title='bbox 1288 4065 1371 4120; x_wconf 86' lang='lat' dir='ltr'><strong>Cf.</strong></span> <span class='ocrx_word' id='word_1_566' title='bbox 1419 4065 1576 4121; x_wconf 87' lang='lat' dir='ltr'><strong>Lucr.</strong></span> <span class='ocrx_word' id='word_1_567' title='bbox 1614 4066 1707 4128; x_wconf 76' lang='grc' dir='ltr'><strong>Ἦ,</strong></span> <span class='ocrx_word' id='word_1_568' title='bbox 1748 4070 1876 4122; x_wconf 89' lang='grc'><strong>1202</strong></span> <span class='ocrx_word' id='word_1_569' title='bbox 1910 4083 2023 4138; x_wconf 87' lang='lat' dir='ltr'><strong>sqq.</strong></span> <span class='ocrx_word' id='word_1_570' title='bbox 2072 4099 2136 4108; x_wconf 89' lang='lat'><strong>—</strong></span> <span class='ocrx_word' id='word_1_571' title='bbox 2183 4067 2316 4128; x_wconf 78' lang='lat'><strong>485.</strong></span> <span class='ocrx_word' id='word_1_572' title='bbox 2361 4069 2661 4123; x_wconf 66' lang='lat' dir='ltr'><strong>wahebat</strong></span> <span class='ocrx_word' id='word_1_573' title='bbox 2702 4070 2928 4122; x_wconf 80' lang='lat' dir='ltr'><strong>omnia</strong></span> <span class='ocrx_word' id='word_1_574' title='bbox 2972 4085 3121 4122; x_wconf 75' lang='lat' dir='ltr'><strong>ossa</strong></span> 
     </span>
     <span class='ocr_line' id='line_1_53' title="bbox 790 4132 3122 4275; baseline 0.001 -22"><span class='ocrx_word' id='word_1_575' title='bbox 790 4132 1250 4255; x_wconf 64' lang='lat' dir='ltr'><strong>&#39;1&#39;3sa”v1”⁸²i&#39;1⁸5⁴0‘</strong></span> <span class='ocrx_word' id='word_1_576' title='bbox 1257 4133 2003 4275; x_wconf 51' lang='lat' dir='ltr'><strong>Y‘ffirtqffiofflssibim</strong></span> <span class='ocrx_word' id='word_1_577' title='bbox 2033 4135 3015 4275; x_wconf 46' lang='lat' dir='ltr'><strong>uffiffiokffiffffifflaffssssss·</strong></span> <span class='ocrx_word' id='word_1_578' title='bbox 3052 4135 3122 4257; x_wconf 52' lang='lat' dir='ltr'><strong>X&amp;</strong></span> 
     </span>
     <span class='ocr_line' id='line_1_54' title="bbox 794 4242 3005 4285; baseline 0.003 -5"><span class='ocrx_word' id='word_1_579' title='bbox 794 4267 807 4280; x_wconf 74' lang='grc' dir='ltr'><strong><em>ο</em></strong></span> <span class='ocrx_word' id='word_1_580' title='bbox 928 4242 941 4255; x_wconf 68' lang='grc'><strong>.</strong></span> <span class='ocrx_word' id='word_1_581' title='bbox 1057 4242 1070 4266; x_wconf 69' lang='lat'><strong>,</strong></span> <span class='ocrx_word' id='word_1_582' title='bbox 1236 4246 1254 4282; x_wconf 61' lang='grc' dir='ltr'><strong>ο.</strong></span> <span class='ocrx_word' id='word_1_583' title='bbox 1290 4270 1300 4280; x_wconf 85' lang='grc' dir='ltr'>ι</span> <span class='ocrx_word' id='word_1_584' title='bbox 1380 4269 1392 4282; x_wconf 68' lang='lat'>0</span> <span class='ocrx_word' id='word_1_585' title='bbox 1853 4272 1865 4285; x_wconf 73' lang='grc' dir='ltr'>Ο</span> <span class='ocrx_word' id='word_1_586' title='bbox 1921 4244 1938 4273; x_wconf 75' lang='grc'><em>,</em></span> <span class='ocrx_word' id='word_1_587' title='bbox 2992 4245 3005 4268; x_wconf 74' lang='grc'>,</span> 
     </span>
     <span class='ocr_line' id='line_1_55' title="bbox 791 4220 3119 4421; baseline 0 -30"><span class='ocrx_word' id='word_1_588' title='bbox 791 4284 1251 4418; x_wconf 47' lang='grc' dir='ltr'><strong>ἙξΙεὲιε-ἓυὲἕω</strong></span> <span class='ocrx_word' id='word_1_589' title='bbox 1267 4272 1457 4418; x_wconf 38' lang='lat' dir='ltr'><strong>libat?</strong></span> <span class='ocrx_word' id='word_1_590' title='bbox 1481 4220 2152 4394; x_wconf 44' lang='lat' dir='ltr'><strong>absrrffdlffihdidffgones</strong></span> <span class='ocrx_word' id='word_1_591' title='bbox 2177 4344 2233 4396; x_wconf 89' lang='lat' dir='ltr'><strong>et</strong></span> <span class='ocrx_word' id='word_1_592' title='bbox 2253 4339 2605 4421; x_wconf 73' lang='lat' dir='ltr'><strong>resolutiones</strong></span> <span class='ocrx_word' id='word_1_593' title='bbox 2642 4339 2842 4394; x_wconf 90' lang='lat' dir='ltr'><strong>ossium</strong></span> <span class='ocrx_word' id='word_1_594' title='bbox 2877 4339 3119 4420; x_wconf 63' lang='lat' dir='ltr'><strong>etiamin</strong></span> 
     </span>
     <span class='ocr_line' id='line_1_56' title="bbox 793 4403 3119 4478; baseline 0 -20"><span class='ocrx_word' id='word_1_595' title='bbox 793 4403 915 4458; x_wconf 83' lang='lat' dir='ltr'><strong>alus</strong></span> <span class='ocrx_word' id='word_1_596' title='bbox 949 4404 1150 4459; x_wconf 76' lang='lat' dir='ltr'><strong>morbis</strong></span> <span class='ocrx_word' id='word_1_597' title='bbox 1174 4405 1442 4461; x_wconf 72' lang='lat' dir='ltr'><strong>observari</strong></span> <span class='ocrx_word' id='word_1_598' title='bbox 1475 4407 1647 4463; x_wconf 88' lang='lat' dir='ltr'><strong>docet.</strong></span> <span class='ocrx_word' id='word_1_599' title='bbox 1683 4407 1817 4463; x_wconf 88' lang='lat' dir='ltr'><strong>Peer</strong></span> <span class='ocrx_word' id='word_1_600' title='bbox 1878 4453 1888 4463; x_wconf 94' lang='lat'><strong>.</strong></span> <span class='ocrx_word' id='word_1_601' title='bbox 1927 4411 2110 4464; x_wconf 89' lang='lat' dir='ltr'><strong>tamen</strong></span> <span class='ocrx_word' id='word_1_602' title='bbox 2128 4426 2179 4478; x_wconf 91' lang='lat' dir='ltr'><strong>p.</strong></span> <span class='ocrx_word' id='word_1_603' title='bbox 2201 4411 2316 4463; x_wconf 85' lang='grc'><strong>265.</strong></span> <span class='ocrx_word' id='word_1_604' title='bbox 2351 4424 2485 4463; x_wconf 88' lang='lat' dir='ltr'><strong>com.</strong></span> <span class='ocrx_word' id='word_1_605' title='bbox 2522 4409 2792 4463; x_wconf 72' lang='lat' dir='ltr'><strong>cadebant</strong></span> <span class='ocrx_word' id='word_1_606' title='bbox 2817 4406 2935 4462; x_wconf 89' lang='lat' dir='ltr'><strong>coll.</strong></span> <span class='ocrx_word' id='word_1_607' title='bbox 2963 4405 3119 4462; x_wconf 77' lang='lat' dir='ltr'><strong>Ovid.</strong></span> 
     </span>
     <span class='ocr_line' id='line_1_57' title="bbox 792 4471 3122 4557; baseline 0 -31"><span class='ocrx_word' id='word_1_608' title='bbox 792 4471 922 4527; x_wconf 75' lang='lat' dir='ltr'><strong>Met.</strong></span> <span class='ocrx_word' id='word_1_609' title='bbox 956 4471 1078 4538; x_wconf 87' lang='lat' dir='ltr'><strong>VH,</strong></span> <span class='ocrx_word' id='word_1_610' title='bbox 1116 4477 1234 4528; x_wconf 87' lang='grc'><strong>826.</strong></span> <span class='ocrx_word' id='word_1_611' title='bbox 1285 4473 1480 4529; x_wconf 75' lang='lat' dir='ltr'><strong>Subito</strong></span> <span class='ocrx_word' id='word_1_612' title='bbox 1517 4475 1770 4557; x_wconf 67' lang='lat' dir='ltr'><strong>collapsa</strong></span> <span class='ocrx_word' id='word_1_613' title='bbox 1804 4476 1999 4531; x_wconf 79' lang='lat' dir='ltr'><strong>dolore</strong></span> <span class='ocrx_word' id='word_1_614' title='bbox 2032 4509 2052 4519; x_wconf 91' lang='lat'><strong>·</strong></span> <span class='ocrx_word' id='word_1_615' title='bbox 2089 4507 2112 4518; x_wconf 96' lang='lat'>-</span> <span class='ocrx_word' id='word_1_616' title='bbox 2146 4477 2343 4530; x_wconf 78' lang='lat' dir='ltr'><strong>cecidit</strong></span> <span class='ocrx_word' id='word_1_617' title='bbox 2377 4480 2433 4531; x_wconf 88' lang='lat' dir='ltr'><strong>et</strong></span> <span class='ocrx_word' id='word_1_618' title='bbox 2466 4476 2711 4547; x_wconf 87' lang='lat' dir='ltr'><strong>pluribus</strong></span> <span class='ocrx_word' id='word_1_619' title='bbox 2746 4475 2899 4539; x_wconf 88' lang='lat' dir='ltr'><strong>locis,</strong></span> <span class='ocrx_word' id='word_1_620' title='bbox 2936 4475 3031 4529; x_wconf 89' lang='lat' dir='ltr'><strong>ubi</strong></span> <span class='ocrx_word' id='word_1_621' title='bbox 3062 4476 3122 4528; x_wconf 77' lang='lat' dir='ltr'><strong>in</strong></span> 
     </span>
     <span class='ocr_line' id='line_1_58' title="bbox 793 4540 3120 4615; baseline 0.001 -21"><span class='ocrx_word' id='word_1_622' title='bbox 793 4557 850 4594; x_wconf 76' lang='lat' dir='ltr'><strong>se</strong></span> <span class='ocrx_word' id='word_1_623' title='bbox 881 4540 1133 4610; x_wconf 68' lang='lat' dir='ltr'><strong>recidere,</strong></span> <span class='ocrx_word' id='word_1_624' title='bbox 1169 4543 1230 4596; x_wconf 74' lang='lat' dir='ltr'><strong>in</strong></span> <span class='ocrx_word' id='word_1_625' title='bbox 1264 4558 1322 4597; x_wconf 76' lang='lat' dir='ltr'><strong>sc</strong></span> <span class='ocrx_word' id='word_1_626' title='bbox 1351 4559 1511 4598; x_wconf 75' lang='lat' dir='ltr'><strong>ruere</strong></span> <span class='ocrx_word' id='word_1_627' title='bbox 1544 4547 1601 4599; x_wconf 87' lang='lat' dir='ltr'><strong>et</strong></span> <span class='ocrx_word' id='word_1_628' title='bbox 1631 4544 1829 4600; x_wconf 75' lang='lat' dir='ltr'><strong>similia</strong></span> <span class='ocrx_word' id='word_1_629' title='bbox 1859 4544 1884 4599; x_wconf 92' lang='lat'>1</span> <span class='ocrx_word' id='word_1_630' title='bbox 2023 4548 2138 4609; x_wconf 87' lang='lat' dir='ltr'><strong>tur,</strong></span> <span class='ocrx_word' id='word_1_631' title='bbox 2177 4544 2372 4615; x_wconf 87' lang='lat' dir='ltr'><strong>quibus</strong></span> <span class='ocrx_word' id='word_1_632' title='bbox 2446 4587 2458 4600; x_wconf 92' lang='lat'><strong>.</strong></span> <span class='ocrx_word' id='word_1_633' title='bbox 2493 4548 2613 4600; x_wconf 86' lang='grc'><strong>383.</strong></span> <span class='ocrx_word' id='word_1_634' title='bbox 2649 4542 2803 4599; x_wconf 86' lang='lat' dir='ltr'><strong>addit</strong></span> <span class='ocrx_word' id='word_1_635' title='bbox 2836 4542 2958 4598; x_wconf 86' lang='lat' dir='ltr'><strong>Val.</strong></span> <span class='ocrx_word' id='word_1_636' title='bbox 2978 4543 3120 4598; x_wconf 77' lang='lat' dir='ltr'><strong>Max.</strong></span> 
     </span>
     <span class='ocr_line' id='line_1_59' title="bbox 792 4607 3121 4684; baseline 0 -21"><span class='ocrx_word' id='word_1_637' title='bbox 792 4607 887 4673; x_wconf 86' lang='lat' dir='ltr'><strong>vl,</strong></span> <span class='ocrx_word' id='word_1_638' title='bbox 924 4611 976 4664; x_wconf 88' lang='grc'><strong>2.</strong></span> <span class='ocrx_word' id='word_1_639' title='bbox 1010 4608 1104 4663; x_wconf 75' lang='lat' dir='ltr'><strong>ira</strong></span> <span class='ocrx_word' id='word_1_640' title='bbox 1137 4610 1198 4663; x_wconf 75' lang='lat' dir='ltr'><strong>in</strong></span> <span class='ocrx_word' id='word_1_641' title='bbox 1229 4627 1287 4665; x_wconf 76' lang='lat' dir='ltr'><strong>sc</strong></span> <span class='ocrx_word' id='word_1_642' title='bbox 1319 4611 1345 4663; x_wconf 80' lang='lat' dir='ltr'><strong>i</strong></span> <span class='ocrx_word' id='word_1_643' title='bbox 1408 4630 1446 4665; x_wconf 87' lang='grc' dir='ltr'><em>α</em></span> <span class='ocrx_word' id='word_1_644' title='bbox 1479 4610 1728 4684; x_wconf 68' lang='lat' dir='ltr'><strong>collapsa</strong></span> <span class='ocrx_word' id='word_1_645' title='bbox 1762 4621 1856 4669; x_wconf 75' lang='lat' dir='ltr'><strong>est.</strong></span> <span class='ocrx_word' id='word_1_646' title='bbox 2001 4616 2177 4667; x_wconf 89' lang='lat' dir='ltr'><strong>terum</strong></span> <span class='ocrx_word' id='word_1_647' title='bbox 2220 4612 2377 4667; x_wconf 91' lang='lat' dir='ltr'><strong>huius</strong></span> <span class='ocrx_word' id='word_1_648' title='bbox 2445 4613 2524 4668; x_wconf 91' lang='lat' dir='ltr'><strong>oci</strong></span> <span class='ocrx_word' id='word_1_649' title='bbox 2559 4628 2760 4667; x_wconf 89' lang='lat' dir='ltr'><strong>memor</strong></span> <span class='ocrx_word' id='word_1_650' title='bbox 2792 4612 2901 4666; x_wconf 82' lang='lat' dir='ltr'><strong>fuit</strong></span> <span class='ocrx_word' id='word_1_651' title='bbox 2933 4614 3121 4667; x_wconf 88' lang='lat' dir='ltr'><strong>auctor</strong></span> 
     </span>
     <span class='ocr_line' id='line_1_60' title="bbox 790 4675 3120 4751; baseline 0 -19"><span class='ocrx_word' id='word_1_652' title='bbox 790 4675 973 4749; x_wconf 79' lang='lat' dir='ltr'><strong>Epigr.</strong></span> <span class='ocrx_word' id='word_1_653' title='bbox 1015 4692 1078 4733; x_wconf 85' lang='lat' dir='ltr'><strong>ex</strong></span> <span class='ocrx_word' id='word_1_654' title='bbox 1119 4678 1331 4735; x_wconf 87' lang='lat' dir='ltr'><strong>centoni</strong></span> <span class='ocrx_word' id='word_1_655' title='bbox 1369 4696 1433 4735; x_wconf 90' lang='lat' dir='ltr'><strong>us</strong></span> <span class='ocrx_word' id='word_1_656' title='bbox 1465 4678 1627 4751; x_wconf 85' lang='lat' dir='ltr'><strong>Verg.</strong></span> <span class='ocrx_word' id='word_1_657' title='bbox 1668 4683 1877 4738; x_wconf 86' lang='lat' dir='ltr'><strong>consuti</strong></span> <span class='ocrx_word' id='word_1_658' title='bbox 1922 4682 1977 4738; x_wconf 90' lang='lat' dir='ltr'><strong>in</strong></span> <span class='ocrx_word' id='word_1_659' title='bbox 2014 4681 2181 4737; x_wconf 83' lang='lat' dir='ltr'><strong>Anth.</strong></span> <span class='ocrx_word' id='word_1_660' title='bbox 2220 4680 2342 4736; x_wconf 86' lang='lat' dir='ltr'><strong>Lat.</strong></span> <span class='ocrx_word' id='word_1_661' title='bbox 2377 4681 2567 4739; x_wconf 88' lang='lat' dir='ltr'><strong>Burm.</strong></span> <span class='ocrx_word' id='word_1_662' title='bbox 2604 4679 2705 4748; x_wconf 86' lang='lat'><strong>111,</strong></span> <span class='ocrx_word' id='word_1_663' title='bbox 2743 4684 2824 4747; x_wconf 88' lang='lat'><strong>81,</strong></span> <span class='ocrx_word' id='word_1_664' title='bbox 2863 4683 2913 4734; x_wconf 94' lang='grc'><strong>7.</strong></span> <span class='ocrx_word' id='word_1_665' title='bbox 2980 4679 3120 4733; x_wconf 68' lang='lat' dir='ltr'><strong>Osca</strong></span> 
     </span>
    </p>
   </div>
   <div class='ocr_carea' id='block_1_5' title="bbox 2059 4271 3118 4352">
    <p class='ocr_par' dir='ltr' id='par_1_9' title="bbox 2059 4271 3118 4352">
     <span class='ocr_line' id='line_1_61' title="bbox 2059 4271 3118 4352; baseline -0.001 -27"><span class='ocrx_word' id='word_1_666' title='bbox 2059 4288 2222 4341; x_wconf 86' lang='lat' dir='ltr'><strong>supra</strong></span> <span class='ocrx_word' id='word_1_667' title='bbox 2242 4276 2452 4331; x_wconf 73' lang='lat' dir='ltr'><strong>v.424.)</strong></span> <span class='ocrx_word' id='word_1_668' title='bbox 2487 4272 2543 4326; x_wconf 90' lang='lat' dir='ltr'><strong>in</strong></span> <span class='ocrx_word' id='word_1_669' title='bbox 2580 4271 2825 4326; x_wconf 88' lang='lat' dir='ltr'><strong>tabidum</strong></span> <span class='ocrx_word' id='word_1_670' title='bbox 2858 4271 3118 4352; x_wconf 78' lang='lat' dir='ltr'><strong>liquorem</strong></span> 
     </span>
    </p>
   </div>
  </div>
 </body>
</html>
