3616 5026
1381 230 1914 302 GEORGIOON
1955 234 2117 300 LIB.
2160 236 2281 303 III.
2877 251 2997 312 405

668 393 1006 461 Invalidus
1049 397 1372 488 etiamque
1411 410 1714 483 tremene,
1759 403 1956 466 etiam
1996 402 2242 469 inscius
2281 405 2444 470 aevi.

665 477 757 542 At
796 478 1008 546 tribus
1053 484 1302 548 exactis
1344 483 1458 549 ubi
1500 495 1732 572 quarta
1773 486 2123 551 accesserit
2161 499 2397 570 aestas,
2905 504 2999 554 190

669 559 960 649 Carpere
1002 585 1155 629 mox
1198 588 1434 653 gyrum
1477 568 1752 654 incipiat
1795 568 2242 656 gradibusque
2284 594 2518 638 sonare

669 644 1041 731 Conpositis
1087 650 1427 736 sinuetque
1470 649 1722 716 alterna
1762 650 2093 718 volumina
2135 674 2391 720 crurum

667 731 891 816 Sitque
929 728 1256 798 laboranti
1301 734 1562 816 similis3
1605 746 1742 799 tum
1789 735 2086 801 cursibus
2130 757 2345 819 auras,

667 810 835 878 Tum
877 825 1069 880 vocet
1115 837 1195 880 ac
1234 839 1354 904 per
1396 827 1629 906 aperta
1666 817 1897 884 volans
1939 840 2057 884 ceu
2097 818 2264 885 liber
2310 820 2585 887 habenis

659 1081 823 1148 viam,
860 1083 1024 1152 inque
1046 1083 1234 1152 fidem.
1263 1114 1328 1124 --
1369 1083 1494 1146 189.
1534 1085 1754 1155 „Equus
1793 1084 1955 1148 ferox,
1992 1085 2302 1146 indomitus,
2340 1087 2525 1156 potest
2557 1087 2725 1143 videri
2757 1090 3003 1144 conscius

660 1165 776 1203 esse
810 1151 1027 1217 aetatis,
1068 1152 1331 1214 iuventae,
1369 1154 1421 1205 vi
1462 1153 1586 1214 oris,
1623 1153 1841 1210 virium:
1887 1153 2070 1221 itaque
2109 1154 2364 1207 inscius
2401 1154 2577 1222 aevi,
2616 1155 2828 1222 virium,
2902 1173 2999 1212 uas

658 1217 896 1298 [propter
931 1223 1165 1274 aetatem
1198 1170 1462 1286 nondum5
1495 1237 1593 1275 nec
1626 1221 1790 1275 habet
1826 1237 1921 1274 nec
1961 1226 2208 1290 expertus
2243 1225 2343 1276 est.
2414 1220 2495 1275 Cf.
2537 1221 2655 1277 Val.
2690 1223 2774 1278 Fl.
2810 1225 2854 1289 Ι,
2915 1229 2995 1279 71.

860 1287 1000 1339 aevi.
1072 1286 1234 1341 Recte
1278 1287 1451 1342 Sem:
1505 1289 1740 1343 nondum
1783 1288 1987 1344 habens
2033 1290 2103 1343 ab
2149 1290 2303 1343 annis
2346 1288 2655 1343 fiduciam.“
2705 1291 2881 1360 Heyn.
2930 1325 2996 1333 —

661 1352 1024 1408 invalidt's.
1088 1353 1210 1409 vid.
1248 1353 1458 1409 adnott.
1498 1356 1566 1411 ad
1602 1356 1713 1411 Ecl.
1753 1357 1795 1420 1,
1836 1360 1918 1410 29.
1955 1387 2021 1396 —
2053 1357 2248 1410 etiam
2289 1358 2326 1412 i.
2364 1374 2415 1426 q.
2452 1357 2763 1418 etiamnum,
2803 1360 2992 1422 adhuc,

659 1425 724 1474 ut
758 1422 891 1475 Aen.
926 1421 1021 1484 VI,
1057 1424 1177 1476 485.
1236 1421 1352 1478 Ter.
1391 1423 1526 1479 Eun.
1563 1425 1636 1488 ΙΙ,
1672 1428 1720 1481 2.
1760 1429 1844 1477 55.
1892 1424 2023 1478 Hec.
2060 1424 2161 1486 111,
2197 1428 2248 1485 4,
2290 1429 2368 1479 16.
2409 1424 2503 1487 Iv,
2542 1429 2592 1488 3,
2631 1427 2678 1479 8.
2727 1426 2835 1479 Cic.
2874 1428 2991 1483 Cat.

659 1489 702 1551 1.
748 1492 793 1551 1,
834 1492 880 1544 1.
916 1489 1069 1544 Verr.
1106 1489 1205 1552 ΠΙ,
1244 1493 1325 1554 23,
1364 1495 1447 1544 56.
1483 1492 1631 1547 alibi.
1703 1491 1787 1546 cf.
1825 1490 2002 1546 Hand.
2037 1490 2264 1546 Tursell.
2300 1492 2373 1547 Π.
2410 1510 2462 1562 p.
2498 1496 2613 1547 571.
2666 1491 2873 1549 Peerlk.
2910 1499 2995 1551 ta·

656 1572 804 1620 men,
856 1558 940 1611 cui
985 1556 1118 1611 haec
1162 1572 1266 1612 non
1313 1559 1684 1622 satisfaciunt,
1735 1559 1877 1613 redit
1918 1558 1989 1613 ad
2028 1559 2309 1614 lectionem
2355 1560 2690 1629 quorundam
2726 1560 2888 1615 Codd.
2923 1564 2994 1615 ab

657 1624 876 1679 Heinsio
912 1628 968 1678 ct
1001 1624 1187 1679 Burm.
1226 1630 1497 1705 receptam
1534 1635 1586 1681 et
1631 1629 1641 1641 '
1854 1659 1875 1670 -
1901 1656 1925 1668 -
1950 1635 2001 1681 et
2031 1628 2169 1694 iam,
2219 1626 2321 1681 hac
2367 1626 2580 1682 adiecta
2621 1627 2989 1709 explicatione:

658 1691 887 1753 „Pullus
921 1692 1062 1747 vires
1100 1694 1300 1749 sentire
1336 1710 1444 1748 iam
1479 1695 1668 1766 coepit.
1721 1647 1837 1750 Iam
1875 1696 2015 1751 enim
2048 1695 2235 1749 tremit
2265 1696 2321 1748 et
2352 1694 2554 1749 inscius
2589 1711 2705 1750 aevi
2739 1698 2839 1758 est,
2875 1697 2993 1751 vult

654 1760 921 1822 resistere,
958 1776 1065 1814 non
1100 1760 1264 1822 valet,
1300 1761 1407 1815 iam
1444 1760 1613 1818 habet
1643 1762 1912 1824 fiduciam,
1949 1763 2042 1816 sed
2078 1762 2232 1817 annis
2266 1762 2579 1817 maiorem.“
2605 1763 2820 1824 -190,
2855 1763 2991 1820 Vide

653 1827 807 1883 Varr.
847 1828 912 1881 R.
949 1827 1013 1881 R.
1049 1828 1122 1892 11,
1165 1833 1212 1890 7,
1255 1832 1314 1883 12
1337 1848 1363 1882 s
1405 1872 1418 1884 .
1454 1834 1511 1884 et
1546 1831 1752 1886 Colum.
1793 1831 1885 1890 VI,
1913 1835 1995 1890 29,
2031 1834 2081 1885 4.
2118 1830 2327 1900 Wagn..
2365 1830 2455 1899 qui
2489 1838 2744 1884 aestatem
2775 1830 2863 1885 hic
2933 1850 2990 1886 ro

655 1911 792 1950 anno
866 1896 1060 1951 ositam
1095 1900 1276 1951 censet
1314 1903 1370 1964 (u
1431 1898 1560 1954 Geo,
1595 1899 1689 1960 IV,
1727 1902 1843 1953 2⁰7.
1887 1899 2019 1952 Aen.
2055 1897 2102 1960 1,
2145 1902 2258 1952 756.
2295 1896 2390 1953 Sil.
2426 1898 2552 1953 Ital.
2590 1898 2692 1962 ΠΙ,
2720 1901 2832 1954 382.
2919 1901 2990 1954 al.

656 1963 734 2018 Fl.
853 2004 865 2025 ‚
898 1968 1005 2018 115.
1045 1967 1102 2018 et
1136 1963 1307 2027 alibi),
1348 1981 1414 2019 ne
1448 1965 1536 2020 hic
1571 1967 1719 2020 locus
1752 1965 2066 2021 adversetur
2084 1964 2412 2020 Columellas
2447 1964 2484 2019 1.
2524 1965 2562 2020 1.
2598 1967 2676 2021 sic
2709 1967 2987 2022 scribenti:

656 2030 1913 2101 Equubimmadusumdomoeeieumrecte
1953 2034 2990 2101 domatum-‚certaminibwautemex-

644 2098 799 2170 pleto
833 2100 1086 2167 triennio,
1119 2101 1202 2154 sic
1233 2109 1408 2155 tamen
1471 2110 1533 2156 ut
1565 2110 1692 2171 post
1723 2110 1979 2171 qvam-tum
2012 2104 2225 2156 ‹lemum
2256 2099 2446 2155 labori
2475 2102 2864 2168 committatur,
2908 2120 2988 2157 re-

652 2169 803 2288 zuit
820 2168 1184 2246 ‘plurimorum
1219 2168 1383 2223 Codd.
1418 2142 1702 2224 iectionem
1737 2170 2122 2236 accesserit,
2160 2186 2223 2223 ex
2257 2184 2380 2239 qua,
2419 2184 2542 2222 cum
2581 2171 2801 2225 verbum
2835 2188 2987 2224 acce-

754 2252 784 2289 e
816 2252 871 2289 ιιι
904 2235 1232 2290 numerando
1267 2252 1386 2290 eam
1419 2237 1530 2291 vim
1564 2238 1780 2298 habeat,
1816 2241 1882 2290 ut
1916 2237 2098 2291 valeat
2129 2237 2352 2307 insuper
2381 2237 2543 2304 addi,
2577 2239 2769 2306 adiici,
2805 2242 2988 2292 exacto

654 2303 869 2357 demum
907 2305 1101 2371 quarto
1136 2319 1276 2358 anno
1315 2320 1510 2373 equum
1546 2305 1751 2359 domari
1785 2305 1995 2359 iuberet
2027 2304 2322 2373 Vergilium
2367 2307 2424 2359 et
2461 2320 2524 2359 ex
2560 2304 2766 2361 duobus
2801 2304 2987 2369 Godd..

652 2369 804 2424 Rom.
845 2375 903 2425 et
939 2371 1016 2425 Re
1059 2371 1130 2433 ’0,
1180 2372 1380 2441 recepit
1424 2373 1524 2425 ubi
1555 2381 1756 2442 quarta
1792 2373 2065 2442 acceperit
2099 2380 2278 2426 aestas
2328 2377 2425 2438 (sc.
2464 2388 2611 2427 eum:
2660 2375 2729 2428 cf.
2777 2372 2987 2427 adnott.

652 2437 721 2492 ad
757 2438 870 2519 Ecl
910 2388 1074 2501 vni?
1099 2441 1220 2500 39).
1260 2438 1294 2493 i.
1332 2457 1379 2520 e.
1417 2440 1866 2521 ineunte-quarto
1900 2456 2054 2520 anno,
2093 2455 2318 2509 eumque
2355 2443 2574 2494 secutus
2612 2444 2696 2495 est
2731 2441 2985 2521 Ribbeclf.

651 2505 757 2562 Sed
792 2523 841 2562 ει
873 2515 1129 2562 aestatem
1171 2524 1381 2577 proprio
1416 2526 1576 2564 sensu
1612 2507 1813 2563 dictum
1853 2507 2168 2578 accipimus,
2203 2524 2313 2563 non
2351 2524 2484 2576 opus
2519 2511 2622 2571 est,
2659 2511 2725 2564 ut
2758 2526 2792 2565 a
2823 2508 2989 2580 plun-

652 2591 862 2629 morum
896 2574 1062 2629 Codd.
1102 2576 1426 2630 auctoritate
1462 2576 1796 2639 recedamus.
1846 2593 1968 2631 cum
2010 2592 2199 2645 equae,
2244 2575 2442 2646 quibus
2481 2592 2604 2631 vere
2640 2577 2988 2631 admissarius

650 2643 851 2712 imponi
886 2642 1075 2706 soleat,
1116 2659 1212 2712 per
1249 2645 1523 2712 integrum
1558 2661 1756 2700 annum
1795 2648 2035 2699 ventrem
2071 2643 2271 2705 ferant,
2310 2647 2374 2697 ut
2408 2659 2595 2713 equus,
2632 2645 2783 2699 cuius
2821 2645 2987 2699 aetati

650 2714 845 2780 quarta
879 2717 1061 2764 aeetae
1099 2709 1384 2774 (somer)
1420 2712 1721 2775 accesserit,
1760 2727 1866 2765 non
1902 2713 1976 2765 sit
2009 2712 2164 2773 alius,
2203 2727 2265 2766 ac
2286 2713 2538 2782 quartum
2564 2713 2762 2766 aetatis
2787 2728 2988 2766 annum

650 2777 808 2833 modo
856 2777 1160 2847 ingressum
1213 2794 1374 2847 quam
1419 2778 1600 2835 locum
1647 2779 1956 2849 expediendi
2006 2779 2265 2833 rationem
2314 2778 2480 2833 debeo
2518 2778 2886 2834 Hildebrando
2930 2779 2986 2832 in

651 2845 826 2901 Iahnii
861 2845 1079 2901 Annali.
1125 2845 1164 2900 1.
1206 2846 1242 2900 l.
1288 2864 1342 2916 p.
1383 2850 1498 2901 170.
1559 2848 1847 2927 Acceperat
1896 2847 2122 2901 fortasse
2168 2863 2229 2900 ex
2277 2847 2545 2916 occeperit
2596 2850 2799 2909 ortum,
2847 2847 2987 2926 quod

834 2954 846 2966 .
883 2912 1010 2968 Vat.
1054 2914 1303 2982 praebet,
1352 2918 1409 2968 et
1449 2914 1638 2969 Iahnio
1689 2918 1800 2969 mte
1866 2917 2225 2969 tetamentum
2275 2913 2491 2968 videtur
2538 2929 2695 2968 verae
2743 2914 2988 2969 lectionis

650 2997 712 3036 ex
795 2981 999 3036 ueretio
1085 2981 1295 3035 etitum.
1365 2982 1545 3037 Etiam
1581 2982 1776 3051 Bryce.
1929 2998 2050 3045 ew„
2088 2981 2288 3051 Haupt.
2332 2987 2390 3035 et
2429 2982 2677 3049 Coningt.
2719 2981 2831 3052 (qui
2865 2997 2987 3035 con-

652 3049 760 3103 fert
792 3049 900 3103 Cic.
936 3048 1006 3104 ad
1090 3064 1142 3102 u.
1182 3048 1250 3102 fr.
1284 3049 1338 3111 I,
1382 3054 1426 3103 1.
1474 3068 1675 3104 annum
1707 3051 1924 3103 tertium
1959 3050 2244 3104 accessisse
2283 3049 2563 3104 desiderio
2602 3057 2789 3103 nostro
2822 3057 2873 3101 et
2905 3048 2985 3101 la-

650 3117 775 3171 bori
804 3122 921 3173 tuo)
969 3116 1246 3171 nobiscum
1290 3116 1512 3171 faciunt.
1547 3147 1613 3159 —
1650 3119 1865 3171 tribus
1920 3118 2175 3171 exactis
2219 3117 2388 3185 igitur
2433 3120 2520 3171 est
2558 3116 2753 3170 tertius
2795 3115 2983 3171 Casus.

648 3184 938 3239 Praeterea
974 3184 1031 3238 in
1074 3183 1343 3253 plerisque
1382 3184 1552 3239 Codd.
1600 3185 1802 3253 legitur
1845 3194 1997 3239 aetas
2039 3194 2157 3253 (pro
2199 3187 2399 3245 aestas)
2443 3184 2529 3238 cui
2572 3183 2789 3237 lectioni
2830 3182 2983 3237 Ialm.

650 3253 746 3374 (ἐξ.
762 3253 929 3374 Ρῖἓιῗῗ
964 3256 1108 3373 ῗὲἱῗ
1125 3251 1319 3374 ξὲὶξέ.
1332 3252 1928 3375 Ρωώωίἓίξὲἷᾰωωῖῐῗ
1952 3252 2492 3374 ..ᾝΘᾟιῖἓὲῗῗῧ
2512 3249 2984 3374 ιὲἴέὦὲἔῗέἓιὲῖ·

650 3392 800 3448 (nam
834 3336 978 3457 apuld
1012 3387 1133 3441 Val.
1240 3429 1252 3441 .
1291 3387 1384 3449 VI,
1431 3391 1542 3442 115.
1581 3391 1637 3442 et
1675 3337 1927 3456 calpuirn.
1968 3387 2082 3441 Ecl.
2117 3387 2208 3449 IV,
2255 3390 2330 3441 18.
2378 3336 2538 3442 lectio
2577 3386 2802 3441 fluctuat
2844 3386 2986 3440 inter

649 3462 831 3509 aestas
864 3458 921 3510 et
954 3458 1145 3515 aetas),
1185 3470 1306 3509 cum
1331 3454 1521 3523 Wagn.
1557 3455 1611 3509 in
1649 3456 1849 3510 incerto
1884 3454 2202 3525 relinquam.
2236 3485 2303 3495 -—-
2345 3451 2611 3514 191.192.
2655 3454 2807 3521 „Die
2831 3453 2985 3507 Reit-

646 3522 831 3576 sclmle
878 3524 1038 3591 steiqt
1081 3540 1199 3576 vom
1246 3521 1584 3593 Kres‘syanqe
1630 3542 1682 3578 u.
1732 3521 2064 3591 qehaltenem
2115 3522 2352 3577 Solu-itte
2398 3540 2519 3575 mun
2570 3520 2988 3576 voindschnellen

649 3591 875 3645 leickten
912 3589 968 3645 G
1144 3593 1199 3644 .“
1254 3590 1477 3646 Ladew.
1554 3589 1845 3661 Carpere
1935 3609 2137 3659 yrum,
2184 3595 2247 3644 ut
2280 3590 2448 3647 viam,
2487 3605 2731 3659 campum
2769 3605 2984 3659 carpere

650 3657 777 3717 (vid.
815 3657 973 3713 modo
1111 3674 1161 3712 v.
1204 3660 1317 3712 142.
1355 3661 1412 3713 et
1450 3658 1519 3713 ad
1552 3661 1682 3714 Aen.
1725 3658 1819 3721 VI,
1858 3662 1889 3712 6
1923 3660 2023 3719 9.),
2061 3658 2115 3711 11.
2157 3675 2203 3713 e.
2246 3658 2301 3712 in
2337 3673 2530 3726 gyrum
2579 3674 2621 3709 s.
2670 3657 2852 3711 orbem
2890 3657 2982 3711 ire.

649 3726 806 3781 Voss.
849 3729 1066 3795 praeter
1097 3725 1244 3781 Varii
1278 3725 1515 3796 aliquem
1556 3726 1732 3781 locum
1774 3725 1918 3796 apud
1954 3726 2185 3781 Macrob.
2224 3726 2325 3786 VI,
2363 3727 2413 3779 2.
2459 3727 2734 3794 comparat
2783 3723 2985 3779 Tibull.

649 3793 728 3849 IV
731 3835 744 3858 ‚
787 3796 831 3857 1,
868 3798 952 3849 93.
1006 3794 1046 3847 Ι
1219 3794 1393 3848 vicem
1424 3796 1592 3849 modo
1628 3796 1839 3849 directo
1882 3796 2205 3848 contendere
2236 3810 2431 3862 curem
2468 3791 2581 3846 Seu
2617 3793 2785 3846 libeat
2816 3809 2984 3846 curvo

652 3862 867 3916 brevius
905 3880 1062 3931 comp
1199 3881 1228 3916 e
1262 3880 1418 3932 yyro.
1446 3891 1515 3927 .-
1546 3879 1786 3917 eonare
1817 3863 2139 3931 yradibus
2172 3860 2569 3931 conpositis,
2607 3857 2848 3914 incedere
2886 3876 2984 3913 un-

651 3929 784 4000 gula
816 3933 1040 3984 sonante
1075 3931 1165 3993 (cf.
1200 3931 1330 3985 Aen.
1368 3929 1517 3993 VIII,
1555 3934 1722 3987 5963:
1759 3930 2076 4000 conpositis,
2114 3929 2148 3983 i.
2190 3945 2232 3983 e.
2272 3928 2491 3991 sedatis,
2528 3927 2834 3989 moderatis,
2869 3927 2987 3997 pla·

654 3997 803 4052 cidis.
876 3997 962 4052 Sic
995 3998 1137 4067 apud
1172 3997 1379 4053 Colum.
1414 3996 1507 4061 Vl,
1546 4001 1594 4062 2,
1632 4003 1679 4053 5.
1719 3998 1782 4052 de
1818 3998 2050 4052 iuvencis
2089 3996 2394 4051 domandist
2435 3996 2651 4050 Licebit
2682 3997 2987 4064 producere

655 4074 704 4119 et
737 4066 933 4119 docere
960 4095 984 4106 -
1009 4095 1034 4107 -
1058 4066 1351 4135 composite
1384 4082 1455 4120 ac
1484 4065 1601 4119 eine
1626 4083 1842 4136 pavore
1873 4066 2167 4120 oenbulare.
2209 4095 2267 4104 —
2302 4066 2520 4118 sinuet
2563 4063 2827 4118 alterna
2872 4080 2983 4115 vo-

652 4133 904 4187 lumina
959 4151 1245 4201 crurum,
1296 4132 1352 4187 h.
1393 4149 1441 4187 e.
1494 4132 1715 4188 sinuans
1762 4133 1952 4195 toust,
2003 4134 2170 4189 iactet
2212 4149 2368 4187 crura
2403 4131 2630 4186 alternis
2662 4130 2883 4184 vicibus.
2917 4161 2982 4170 —-

656 4198 778 4262 193.
817 4201 923 4254 Sit
956 4200 1302 4256 laboranti
1337 4200 1604 4256 similis.
1650 4200 1983 4264 „Laboranti
2014 4206 2099 4255 est
2132 4201 2323 4255 similis
2357 4205 2414 4254 et
2447 4204 2669 4269 propter
2692 4197 2984 4252 cohibitum

651 4268 821 4322 libere
854 4269 1100 4324 currendi
1133 4268 1395 4336 impetum
1429 4273 1487 4323 et
1519 4273 1735 4339 propter
1777 4268 2051 4324 difficilem
2088 4269 2409 4323 incessum.“
2469 4267 2662 4336 Waqn.
2733 4264 2819 4345 Cf.
2851 4264 2982 4319 Aen.

653 4335 719 4399 V,
759 4337 873 4390 234.
910 4339 968 4391 et
998 4335 1148 4397 VIII,
1184 4339 1300 4390 649.
1372 4335 1554 4399 Recte,
1590 4340 1739 4406 puto,
1775 4337 1945 4407 Bryce
1985 4353 2106 4390 eum
2139 4337 2259 4406 equi
2294 4336 2559 4390 incessum
2594 4333 2821 4389 describi
2858 4348 2980 4386 cen-

654 4407 755 4466 set,
794 4419 952 4472 quem
986 4402 1151 4473 Angli
1184 4404 1269 4458 the
1300 4412 1506 4471 canter,
1544 4421 1640 4459 nos
1671 4405 1872 4459 lem-zen
1907 4404 2054 4460 G'alo
2168 4402 2501 4474 appellamus
2537 4406 2594 4457 et
2625 4401 2718 4472 qui
2749 4400 2805 4454 in
2840 4398 2983 4455 bello

655 4471 884 4525 maxime
906 4470 1356 4526 commendandus
1378 4475 1481 4534 est,
1517 4472 1647 4552 quia
1665 4473 1899 4543 equitem
1923 4471 2081 4528 celeri
2139 4489 2167 4527 r
2188 4475 2467 4542 promovet
2498 4472 2555 4525 et
2586 4473 2770 4525 tamen
2804 4468 2981 4522 minus

653 4539 872 4607 fatigat,
908 4555 1071 4609 quam
1105 4539 1242 4595 aliae
1264 4539 1542 4610 equitandi
1564 4541 1812 4596 rationes.
1840 4569 1906 4581 -
1930 4539 2052 4603 198.
2077 4539 2203 4601 194.
2237 4547 2367 4593 tum
2400 4537 2716 4594 cursibus
2747 4553 2921 4591 aura
2937 4554 2982 4603 s,

658 4605 814 4662 Tum
844 4614 1047 4676 vocet,
1085 4606 1142 4662 11.
1177 4624 1223 4664 e.
1260 4611 1397 4673 tum,
1432 4612 1554 4663 tmn
1586 4609 1765 4665 volare
1802 4609 2041 4679 incipiat.
2102 4606 2361 4664 Ouo-sibus
2390 4608 2577 4664 autem
2595 4605 2853 4663 Datimm
2885 4602 2983 4659 ha-
