3616 5026
1507 236 1977 308 BUCOLICA.
2061 238 2252 307 ECL.
2299 239 2409 305 VI.
3018 246 3127 307 101

799 403 961 472 Cum
1006 426 1303 471 canerem
1348 427 1538 504 reges
1583 417 1647 471 et
1689 405 1957 493 proelia,
2004 404 2325 492 Cynthius
2370 429 2592 472 aurem

796 487 993 553 Vellit
1031 498 1095 553 et
1139 487 1504 554 admonuit:
1550 488 1952 573 „Pastorem‚
2000 489 2247 576 Tityre,
2288 491 2553 577 pinguis

794 571 1074 637 Pascere
1119 581 1378 659 oportet
1419 573 1583 654 ovis,
1629 572 1977 638 deductum
2016 573 2232 639 dicere
2274 576 2600 640 carmen.“
3107 587 3135 633 5

794 654 980 720 Nunc
1022 678 1145 742 ego
1194 690 1268 702 —-
1306 677 1583 741 namque
1628 679 1823 744 super
1867 656 1987 721 tibi
2033 668 2222 721 erunt
2333 658 2394 721 ui
2443 657 2661 722 dicere
2703 655 2949 736 laudes,

795 738 987 820 Vare,
1029 749 1175 804 tuas
1220 740 1489 826 cupiant
1531 750 1595 805 et
1633 741 1849 806 tristia
1891 739 2172 806 condere
2260 762 2295 804 e
2344 763 2384 805 a
2427 777 2510 787 ——

794 822 1132 907 Agrestem
1182 824 1354 886 tenui
1399 822 1761 889 meditabor
1802 822 2165 888 harundine
2207 822 2481 889 Musam.

796 993 973 1002 οη
1002 993 1199 1001 -—.—-.

790 1088 902 1143 Ecl.
928 1088 974 1150 1,
998 1093 1048 1143 2.
1077 1093 1134 1144 et
1157 1090 1251 1147 IV.
1274 1098 1321 1146 2.
1346 1121 1409 1129 -
1438 1110 1650 1161 neque.
1690 1092 1895 1161 Wagn..
1918 1092 2119 1163 Haupt.
2146 1097 2202 1147 et
2226 1093 2472 1162 Coningt.
2505 1110 2616 1146 nec.
2652 1091 2756 1146 Sed
2775 1092 2896 1147 vide
2915 1093 3133 1149 Lacbm.

791 1156 859 1212 ad
893 1157 1050 1211 Lucr.
1088 1157 1187 1218 111,
1226 1163 1339 1214 853.
1380 1178 1431 1229 p.
1474 1164 1585 1215 187.
1623 1160 1741 1214 coll.
1781 1177 1903 1214 cum
1937 1161 2128 1229 Wagn.
2168 1160 2268 1226 Qu.
2306 1161 2467 1230 Verg.
2505 1159 2728 1219 XXXII,
2760 1164 2807 1214 2.
2845 1178 2898 1231 p.
2927 1164 3043 1216 654.
3071 1195 3122 1202 -

797 1225 1036 1279 Thalia
1069 1241 1177 1279 non
1202 1228 1415 1281 omnino
1439 1245 1537 1298 pro
1557 1230 1728 1282 Musa.
1768 1229 1858 1283 sed
1897 1232 2011 1283 tam
2051 1245 2176 1283 uam
2211 1244 2425 1299 praeses
2462 1228 2715 1282 carminis
2742 1227 2970 1283 bucolici
2991 1245 3131 1284 com-

788 1295 1131 1348 memoratur.
1202 1295 1284 1350 Cf.
1325 1295 1501 1350 Schol.
1539 1296 1715 1366 Apoll.
1756 1295 1929 1351 Rhod.
1968 1246 2065 1360 lfl,
2109 1302 2153 1351 1.
2197 1296 2406 1351 Θάλεια
2442 1297 2504 1350 δὲ
2542 1301 2780 1362 (λέγεται
2824 1294 3133 1364 εὐρηκέναιᾊ

788 1367 1067 1430 γεωργίαν
1102 1365 1193 1414 καὶ
1232 1364 1331 1428 τὴν
1370 1368 1499 1433 περὶ
1537 1369 1606 1418 τὰ
1643 1365 1797 1433 φυτὰ
1834 1370 2250 1437 πραγματείαν.
2297 1365 2387 1428 (ab
2425 1364 2597 1432 Heyn.
2636 1362 2805 1420 laud.)
2841 1366 2898 1418 et
2935 1364 3134 1420 Culicis

788 1445 837 1482 v.
868 1432 911 1482 1.
950 1428 1205 1485 Ribbeck.
1242 1430 1457 1501 scripsit
1497 1432 1708 1486 Thalea
1742 1431 1866 1486 coll.
1902 1432 2084 1487 Servio
2119 1437 2173 1485 et
2209 1431 2376 1486 Prisc.
2457 1433 2608 1485 .563.
2634 1434 2750 1484 587.
2789 1430 2851 1486 P.
2893 1433 2983 1498 (cf.
3021 1433 3134 1487 eius

785 1496 997 1567 Proleg.
1034 1515 1085 1567 p.
1109 1501 1249 1554 418.)
1289 1528 1355 1537 -
1391 1498 1444 1558 3.
1486 1499 1570 1553 Of.
1610 1500 1713 1554 loci
1749 1499 2015 1553 simillimi
2051 1499 2179 1554 Hor.
2216 1498 2314 1554 Od.
2432 1540 2444 1554 .
2478 1503 2556 1560 15,
2584 1501 2628 1552 1.
2668 1500 2724 1553 et
2759 1498 2921 1569 Prop.
2960 1499 3052 1563 IV,
3084 1503 3129 1560 2,

789 1564 905 1630 (m,
935 1568 1007 1626 3.)
1039 1569 1115 1619 13.
1164 1565 1415 1621 Ovidium
1451 1571 1640 1622 contra
1660 1568 1851 1637 Apollo
1887 1566 1956 1622 ad
1979 1567 2360 1637 perficiendum
2387 1583 2519 1637 opus
2544 1566 2857 1621 exhortatur
2879 1568 2943 1621 A.
2965 1569 3029 1621 A.
3058 1567 3128 1624 11.

787 1636 904 1686 ⁴93.
927 1649 1127 1712 ‘reges
1160 1641 1220 1687 et
1250 1634 1538 1705 proelia,
1576 1635 1611 1690 i.
1648 1653 1689 1690 e.
1729 1651 1945 1690 carmen
1982 1636 2205 1705 epicum.
2251 1635 2435 1689 Heins.
2476 1634 2543 1688 ad
2583 1633 2736 1689 Ovid.
2773 1650 2834 1688 ex
2866 1634 2928 1690 P.
2964 1634 3058 1698 IV,
3084 1639 3131 1692 2.

792 1704 835 1754 1.
868 1716 1046 1754 minus
1080 1704 1225 1757 recte
1262 1701 1328 1757 de
1362 1702 1641 1773 tragoedia
1678 1702 1799 1757 vult
1836 1702 2086 1773 intelligi.
2159 1702 2283 1757 Noli
2319 1706 2504 1757 tamen
2540 1703 2620 1756 ita
2645 1702 2824 1756 omnia
2860 1700 2929 1756 ad
2953 1703 3130 1758 vivum

786 1784 1047 1830 resecare,
1083 1773 1150 1823 ut
1182 1787 1332 1838 reyes
1376 1787 1497 1826 cum
1532 1771 1720 1824 Vossio
1764 1770 1831 1825 de
1867 1770 2312 1841 Pompeianarum
2356 1771 2593 1840 partium
2637 1770 2765 1823 viris
2801 1770 3132 1840 principibus

785 1837 1181 1916 interpreteris,
1244 1836 1500 1892 adversus
1594 1856 1690 1892 uos
1741 1839 1918 1892 Varus
1973 1840 2029 1892 in
2088 1837 2231 1893 bello
2292 1838 2433 1892 civili
2478 1838 2818 1898 militaverit.
2882 1838 2966 1892 vel
3011 1855 3130 1893 cum

786 1903 971 1958 Iabmo
1029 1909 1046 1972 (
1086 1905 1143 1958 ui
1179 1905 1408 1960 conferri
1443 1906 1567 1960 iube
1627 1906 1912 1961 Weicbert.
1952 1906 2019 1960 de
2054 1905 2114 1961 L.
2151 1905 2301 1960 Varii
2338 1907 2452 1960 vita
2487 1923 2541 1975 p.
2588 1910 2721 1962 150.)
2774 1922 2870 1975 per
2911 1906 3132 1977 proelia

782 1971 927 2026 bella
962 1972 1010 2026 ci
1049 1973 1061 1985 '
1091 1973 1167 2035 ‘a‚
1210 1989 1306 2043 per
1338 1991 1490 2040 reyes
1526 1974 1791 2044 principes
1827 1974 2066 2028 civitatis
2103 1975 2392 2044 significari
2430 1989 2664 2030 censeas.
2704 1974 2866 2026 immo
2900 1991 3052 2042 reyes
3086 1983 3135 2028 et

856 2040 1003 2094 odia
1040 2041 1252 2094 omnino
1290 2057 1504 2096 carmen
1546 2041 1817 2096 heroicum
1853 2042 2108 2102 indicant,
2147 2041 2596 2112 quemadmodum
2632 2040 2774 2110 apud
2810 2041 2937 2095 Hor.
2978 2043 3042 2097 A.
3069 2041 3128 2095 P.

818 2110 867 2160 3.
907 2111 962 2161 et
997 2111 1128 2162 Aen.
1169 2108 1291 2166 vn.
1332 2113 1443 2170 41„
1482 2126 1615 2179 quos
1649 2108 1792 2163 locos
1832 2110 2000 2164 Conin
2041 2115 2081 2163 t.
2119 2113 2407 2179 comparat.
2449 2141 2514 2149 ——
2560 2107 2878 2177 Cynthius
2910 2114 3133 2164 vocatur

785 2174 974 2246 Apollo
1012 2193 1046 2229 a
1079 2175 1316 2245 Cyntho.
1354 2176 1476 2231 Deli
1512 2176 1719 2231 insulae
1757 2183 1939 2231 monte
1982 2183 2000 2243 (
2057 2193 2160 2231 om.
2199 2177 2381 2246 hymn.
2417 2176 2470 2238 1,
2515 2180 2593 2230 18.
2631 2180 2711 2230 26.
2754 2180 2864 2230 141.
2918 2177 3127 2231 Gallim.

782 2244 838 2297 in
873 2242 990 2298 Del.
1031 2248 1146 2299 205.
1182 2243 1323 2299 Plin.
1356 2245 1428 2304 Π,
1476 2248 1591 2302 103.
1635 2248 1744 2298 106.
1780 2245 1871 2299 IV.
1918 2249 1995 2300 12.
2036 2249 2135 2302 22..
2172 2261 2314 2299 nunc
2353 2243 2549 2298 Castro
2585 2243 2897 2314 appellatoh
2935 2246 2990 2298 in
3067 2262 3130 2300 uo

784 2327 903 2366 cum
940 2312 1116 2365 Diana
1151 2316 1314 2366 natus
1351 2312 1751 2382 perhibebatur.
1825 2314 1907 2368 Ci‘.
1948 2313 2075 2366 Hor.
2117 2312 2215 2367 Od.
2254 2313 2297 2368 1.
2337 2317 2428 2370 21.
2469 2316 2517 2365 2.
2557 2345 2623 2352 —
2659 2330 2875 2366 aurem
2912 2312 3015 2366 vel
3054 2314 3129 2370 it.

782 2383 944 2433 notus
980 2379 1301 2435 admonendi
1337 2396 1471 2440 mos,
1512 2397 1608 2434 nos
1643 2380 1717 2434 ali
1795 2381 1844 2433 'd
1886 2379 2209 2449 neglexisse.
2250 2381 2478 2435 alicuius
2517 2381 2591 2434 rei
2627 2380 2823 2433 oblitos
2859 2396 3001 2441 esse.
3040 2383 3129 2438 (cf.

782 2448 942 2517 Verg.
979 2448 1127 2529 Copa
1162 2451 1242 2502 38.
1281 2451 1337 2503 et
1374 2447 1629 2519 Calpurn.
1664 2397 1779 2504 Egi.
1817 2448 1892 2502 IV
1898 2489 1910 2512 ,
1946 2452 2107 2502 1553:
2144 2464 2268 2502 nam
2308 2448 2600 2503 secundum
2638 2447 2779 2502 Plin.
2816 2447 2884 2501 N.
2923 2449 2992 2502 H.
3032 2448 3126 2504 XI.

783 2521 865 2577 45,
908 2520 1018 2570 103.
1055 2533 1111 2570 m
1148 2517 1257 2571 ima
1294 2533 1422 2571 aure
1461 2517 1614 2571 sedes
1652 2523 1772 2571 erat
1807 2518 2118 2573 memoriae:
2167 2517 2365 2571 oblitus
2404 2521 2587 2570 autem
2623 2520 2743 2571 erat
2775 2521 2958 2586 poeta.
3037 2517 3130 2571 uid

782 2584 886 2637 sibi
910 2584 1151 2639 bucolico
1174 2588 1363 2654 poetae
1388 2587 1711 2639 conveniret.
1738 2617 1805 2626 —-
1818 2603 2037 2707 Ξηπῃη
2047 2587 2104 2637 ie
2128 2603 2291 2643 oves.
2319 2592 2489 2638 πίονα
2507 2606 2548 2657 μ
2561 2588 2659 2643 ἦλα
2677 2584 2945 2664 Theocriti
2961 2534 3126 2642 XXV.

781 2655 863 2706 86.
903 2655 957 2706 et
990 2652 1148 2706 Hom.
1188 2651 1288 2707 Od.
1327 2652 1401 2716 X,
1441 2656 1558 2708 217.
1596 2656 1713 2707 237.
1750 2657 1865 2708 31·.
1904 2658 2005 2707 etc.
2078 2653 2163 2706 Cf.
2199 2655 2362 2707 etiam
2399 2652 2527 2706 Hor.
2565 2652 2664 2707 Od.
2708 2653 2768 2706 Π
2796 2692 2808 2711 ,
2856 2656 2941 2715 12,
2979 2658 3028 2707 9.
3063 2684 3125 2693 ——

781 2719 835 2777 ἶ).
874 2721 1214 2774 deductum
1247 2738 1521 2789 carmen,
1556 2721 1790 2800 imagine
1827 2738 1860 2775 a
1896 2720 2046 2783 lana,
2088 2737 2223 2790 quae
2262 2722 2317 2773 in
2353 2721 2506 2774 filum
2544 2719 2853 2783 deducitur,
2893 2723 3126 2790 sumpta.

782 2788 915 2842 bene
953 2787 1152 2842 dicitur
1187 2803 1399 2843 carmen
1435 2793 1625 2849 tenue,
1670 2806 1703 2842 1.
1744 2805 1786 2844 e.
1825 2790 2196 2859 pastoricium,
2245 2789 2386 2858 quod
2423 2787 2722 2857 grandiori.
2758 2788 2930 2856 epico.
2967 2805 3126 2858 oppo-

783 2855 953 2910 nitur:
991 2872 1117 2909 nam
1156 2855 1464 2911 deducendo
1500 2860 1557 2911 et
1592 2856 1921 2912 extendendo
1955 2856 2049 2910 fila
2083 2859 2451 2911 attenuantur.
2526 2856 2630 2913 (Cf.
2670 2855 2878 2909 Colum.
2913 2856 2980 2917 X,
3010 2860 3126 2909 228.

782 2922 1038 2993 Calpurn.
1076 2922 1187 2977 Ecl.
1224 2924 1318 2988 lx,
1353 2928 1428 2978 11.
1470 2926 1665 2979 Auson.
1688 2924 1915 2979 Mosella
1940 2928 2077 2979 396.)
2148 2924 2368 2978 Poterat
2395 2924 2556 2977 etiam
2592 2923 2743 2977 temti
2763 2923 2859 2985 ῙίΙο
2886 2923 3125 2990 adiungi.

783 2994 846 3045 ut
881 2991 1023 3061 apud
1062 2991 1188 3045 Hor.
1223 2992 1318 3071 Ep.
1359 2992 1439 3053 11,
1488 2996 1530 3055 1,
1569 2995 1684 3047 225.
1736 2994 1885 3046 tenui
1924 2993 2156 3046 deducto
2187 2986 2446 3062 poematii
2481 2991 2595 3053 filo,
2634 3007 2859 3059 quocum
2899 2990 2966 3045 cf.
3003 2991 3126 3045 Cal-

819 3075 934 3114 urn.
972 3059 1039 3119 X,
1081 3065 1164 3113 40.
1220 3060 1473 3114 Paeo-221&
1510 3061 1657 3114 team·
1691 3061 1943 3113 deducite
1974 3061 2216 3114 carmine
2257 3060 2452 3113 Musae.
2487 3064 2544 3113 et
2578 3059 2743 3112 Anth.
2780 3058 2902 3111 Lat.
2942 3058 3125 3113 Burm.

841 3168 853 3190 ‚
895 3130 1009 3181 139.
1050 3131 1099 3181 -1,
1144 3135 1533 3208 pastorumque
1567 3127 1733 3183 melos
1756 3129 1941 3198 facili
1974 3128 2201 3182 deduz-it
2236 3146 2428 3181 avena.
2503 3128 2578 3181 Ex
2615 3126 2929 3195 Pomponio,
2969 3126 3125 3179 Afra-

783 3195 869 3248 nio
904 3197 960 3248 et
998 3192 1278 3249 Cornificio
1316 3195 1561 3250 illustrat
1597 3212 1753 3250 usum
1791 3196 1953 3249 huius
1988 3212 2099 3250 voc.
2135 3196 2368 3250 Macrob.
2403 3195 2496 3249 Vl.
2533 3199 2583 3248 4.
2631 3211 2679 3264 p.
2717 3198 2815 3248 595
2851 3210 2931 3263 sq.
3004 3193 3122 3246 Vid.

783 3263 945 3316 etiam
981 3261 1196 3329 Quinct.
1234 3263 1370 3316 Inst.
1407 3263 1555 3321 VIII.
1576 3267 1623 3325 2,
1645 3271 1692 3317 9.
1763 3263 1962 3318 Eodem
1989 3279 2149 3318 sensu
2176 3271 2449 3317 tenuatum
2471 3279 2684 3316 carmen
2720 3278 2807 3330 ap.
2847 3261 2950 3315 Pro
2994 3261 3123 3316 ‚VL

784 3329 927 3392 (111.)
958 3335 1000 3393 1,
1029 3335 1079 3384 5.
1121 3335 1179 3384 et
1211 3330 1349 3386 Stat.
1389 3331 1518 3385 Silv.
1554 3331 1645 3395 IV,
1680 3336 1725 3395 Ἰ,
1748 3336 1796 3385 9.
1834 3331 1937 3385 dici
1972 3332 2199 3386 videtur.
2247 3332 2350 3385 (ΟΥ.
2376 3331 2691 3398 Hertzberg.
2723 3330 2939 3395 Quaest.
3039 3345 3123 3398 op.

781 3397 859 3453 Π.
902 3401 948 3452 7.
996 3401 1052 3451 et
1093 3397 1184 3467 qui
1225 3398 1366 3452 hunc
1408 3398 1626 3464 laudat,
1667 3398 1919 3469 Coningt.
1964 3399 2031 3453 ad
2077 3398 2133 3452 h.
2173 3399 2234 3452 lo
2303 3400 2484 3452 Ameis
2526 3402 2708 3451 tamen
2746 3397 2883 3465 Spic.
2933 3413 2985 3465 p.
3027 3401 3124 3450 12.

782 3482 901 3520 cum
940 3464 1027 3520 hic
1062 3482 1186 3519 uon.
1225 3469 1291 3520 ut
1328 3482 1413 3536 ap.
1450 3467 1605 3531 Hor„
1652 3467 1800 3521 tenui
1823 3468 1931 3536 filo
1978 3467 2286 3528 adficiatur,
2332 3467 2508 3520 reiicit
2548 3465 2846 3534 opinionem
2893 3463 2959 3518 de
2993 3465 3126 3518 ims-

782 3534 905 3656 {3323
939 3531 2859 3671 {1..itmtffsszodss331222232523m1‘353fflffiWgffiszfifflss
2893 3533 3127 3654 ἳῗῖἒὲἱξὶἴ

783 3668 1171 3749 quodammodo
1188 3669 1457 3741 Propertii
1480 3671 1598 3726 loco
1623 3671 1723 3733 111,
1746 3674 1830 3733 31.
1852 3670 1942 3738 (Π,
1966 3674 2073 3752 33Λ
2099 3673 2180 3725 38.
2210 3683 2265 3724 (a
2281 3669 2752 3749 Ladew3collato).
2778 3668 2870 3722 ubi
2892 3670 3125 3722 deducta

782 3754 924 3859 33⁶5.
942 3738 2243 3876 ¹12..*ffi3{2323⁸2?.:51?333.⁰ffi.2ss3‘siff
2267 3740 2402 3861 ft:
2416 3738 2702 3859 ἶῗἮῖἐε.
2728 3738 3126 3859 ἳξῖἳέτὲἓὲἶ

782 3874 854 3927 tis
889 3873 989 3928 Od.
1030 3873 1074 3927 I.
1149 3874 1451 3945 rincipium.
1490 3909 1551 3916 -
1616 3873 1669 3933 6.
1716 3893 1787 3928 su
1846 3882 2178 3929 eruerunt
2221 3874 2277 3928 (i.
2315 3891 2359 3928 e.
2397 3889 2688 3943 numquam
2726 3873 2996 3926 deficient»
3033 3890 3127 3943 per

782 3943 994 3995 tmesiu.
1066 3891 1148 3995 (ἓξ
1189 3941 1315 3998 Geo.
1353 3943 1427 4006 Π,
1469 3947 1584 3997 351.
1626 3945 1753 3996 Aen.
1851 3984 1864 4000 .
1903 3944 2016 3996 567.
2056 3943 2149 3995 VI.
2188 3946 2303 3995 254.
2342 3940 2464 4001 vn,
2503 3946 2619 3995 559.
2658 3944 2785 3995 cett.
2823 3946 2880 3994 et
2915 3940 3125 3995 adnott.

782 4008 848 4063 ad
883 4009 1012 4062 Geo.
1052 4009 1151 4065 ΠΙ.
1180 4013 1295 4063 381.
1336 4011 1467 4065 Aen.
1505 4012 1578 4065 11.
1601 4014 1716 4064 567.
1757 4011 1916 4065 al.—-
1943 4012 2059 4081 qne·
2092 4010 2314 4063 dicere
2357 4010 2591 4063 laudes
2636 4017 2786 4061 tuas
2824 4010 3122 4078 cupiant.

782 4076 1665 4215 gsssseffleffibssffliuintffggssti?
1705 4076 2502 4200 &535322210333321503521
2522 4078 3128 4199 ‘frssssffi'fra‘ssss'fflssfii'a

786 4210 1043 4266 amaris
1077 4215 1306 4268 condere.
1341 4216 1396 4267 et
1432 4213 1573 4284 apud
1610 4214 1749 4269 Plin.
1786 4214 1889 4267 XII
1905 4254 1918 4267 .
1962 4217 2046 4270 13.
2088 4216 2166 4267 15.
2233 4215 2412 4267 amics
2453 4213 2694 4267 alicubus
2731 4214 2962 4266 condere
2997 4211 3129 4279 legi-

782 4288 887 4335 tur.
961 4279 1215 4339 Cmmen.
1252 4287 1453 4352 poema
1499 4284 1729 4337 condere
1775 4283 1910 4335 satis
1956 4286 2159 4336 notum.
2233 4281 2504 4338 (Ceterum
2553 4283 2621 4334 cf.
2661 4283 2906 4349 Argumst
2945 4310 3013 4319 —
3075 4280 3126 4336 8.

784 4348 1091 4412 Afri-estis
1129 4349 1316 4403 Musa
1354 4368 1415 4404 ex
1450 4351 1607 4405 Lucr.
1652 4351 1713 4403 V.
1760 4353 1904 4404 1398.
1945 4351 2134 4420 petita.
2191 4350 2277 4403 Sic
2311 4350 2425 4403 Ecl.
2464 4349 2507 4403 1.
2550 4353 2598 4404 2.
2635 4347 2903 4401 silvestris
2938 4348 3127 4401 Musa.

783 4415 865 4469 Cf.
901 4417 1115 4469 omnino
1150 4415 1234 4471 hic
1267 4418 1417 4472 locus
1455 4421 1638 4472 nostro
1664 4418 1990 4472 simillimus.
2021 4453 2034 4458 -
2121 4416 2262 4471 Med.
2305 4418 2427 4472 Vat.
2470 4421 2525 4471 et
2561 4418 2711 4471 Rom.
2751 4415 3125 4470 auctoritatem

783 4485 948 4538 secuti
996 4500 1115 4538 cum
1162 4485 1353 4555 Wagn.
1388 4487 1507 4541 Vol.
1548 4487 1642 4541 V..
1694 4487 1982 4541 Ribbeckio
2029 4491 2085 4539 et
2128 4485 2248 4539 Hau
2286 4486 2362 4539 tio
2418 4484 2682 4540 edidimus
2735 4483 2992 4537 harundo
3047 4490 3127 4550 m*

782 4550 911 4606 alibi
950 4551 1159 4605 harena
1198 4556 1254 4606 et
1288 4553 1486 4609 bolum.
1556 4554 1678 4607 vid.
1717 4554 1911 4624 Wagn.
1952 4553 2203 4623 Orthogr.
2294 4570 2406 4623 erg.
2447 4571 2501 4623 p.
2542 4557 2687 4607 441..
2734 4550 2849 4614 (ubi
2893 4552 3130 4606 confers-«2

782 4619 1027 4673 iubemur
1062 4619 1304 4674 Schneid.
1345 4621 1585 4677 Gramm.
1624 4622 1743 4677 Lat.
1782 4623 1823 4677 l.
1868 4627 1910 4676 1.
1957 4639 2007 4692 p.
2049 4625 2159 4676 186.
2204 4623 2261 4676 et
2295 4622 2495 4676 Osann.
2536 4620 2603 4675 ad
2639 4617 2847 4687 Apulei.
2887 4619 2954 4673 de
2989 4619 3132 4672 Nota
