3616 5026
567 218 686 281 342
1278 213 1354 278 Ρ.
1390 208 1760 278 VERGILI
1799 210 2200 278 MARONIS

571 379 703 444 Sed
744 378 949 445 trudit
988 401 1276 466 gemmas
1320 388 1388 444 et
1425 378 1676 445 frondis
1720 378 2010 465 explicat
2054 382 2281 446 omnis.
2802 390 2906 442 335

566 463 713 528 Non
757 462 918 528 alios
1008 464 1174 527 rima
1218 465 1567 528 crescentis
1611 465 1864 546 origine
1905 460 2129 527 mundi

566 545 891 611 Inluxisse
935 485 1075 611 ‘fies
1119 544 1399 611 aliumve
1444 545 1756 611 habuisse
1797 557 2092 611 tenorem

571 628 1009 696 Crediderim:
1054 651 1171 693 ver
1213 629 1376 695 illud
1418 640 1578 710 erat,
1623 652 1741 693 ver
1783 651 2063 716 magnus
2107 626 2345 715 agebat

571 712 768 778 Orbis
809 723 872 776 et
914 711 1203 778 hibernis
1245 712 1608 801 parcebant
1650 711 1916 778 flatibus
1956 712 2149 784 Euriz

571 795 731 861 Cum
776 798 1027 882 primae
1067 795 1278 863 lucem
1320 796 1607 884 pecudes
1650 797 1928 861 hausere
1968 797 2308 880 virumque
2811 806 2913 860 340

572 878 818 944 Terrea
859 881 1204 967 progenies
1248 879 1430 944 duris
1475 892 1676 968 caput
1719 879 1952 944 extulit
1993 880 2191 958 arvis,

569 960 1012 1049 Inmissaeque
1053 963 1231 1028 ferae
1273 962 1454 1028 silvis
1496 973 1560 1028 et
1604 963 1823 1029 sidera
1867 960 2071 1027 cae10.

569 1199 767 1251 nibus
831 1197 1259 1261 vehementibu3‚
1297 1199 1625 1268 procellosis,
1695 1198 1783 1253 Sic
1817 1214 2045 1262 maqnm
2080 1197 2145 1253 de
2178 1199 2355 1253 ventis
2390 1198 2441 1252 le
2499 1201 2591 1250 tur
2629 1197 2795 1252 etiam
2828 1214 2862 1252 a
2903 1240 2915 1252 .

568 1266 686 1321 Val.
723 1238 809 1320 Fi.
847 1266 927 1324 H.
966 1270 1081 1320 665.
1141 1267 1357 1321 Petron.
1396 1268 1531 1321 Bell.
1569 1266 1684 1320 Civ.
1721 1269 1839 1320 231.
1875 1251 2027 1319 alios,
2067 1298 2132 1307 —
2191 1265 2320 1327 336.
2360 1214 2678 1331 „Oh-serves,
2752 1282 2856 1321 uan

570 1350 691 1388 cum
742 1338 935 1387 ornatu
979 1334 1398 1403 philosophicam
1448 1335 1774 1390 sententiam
1829 1334 1918 1401 [cf.
1965 1333 2216 1388 Lactant.
2266 1333 2332 1387 de
2376 1334 2508 1403 orig.
2549 1350 2650 1387 err.
2745 1373 2757 1393 ‚
2799 1333 2918 1399 11.],

571 1419 644 1456 sc.
677 1401 864 1456 mundi
907 1402 1119 1457 natales
1155 1404 1207 1455 in
1245 1419 1466 1458 vernum
1513 1406 1730 1471 tempus
1766 1400 2041 1463 incidisse,
2081 1406 2323 1471 exponat.
2393 1401 2682 1470 Vulgatior
2722 1404 2806 1455 est
2840 1400 2920 1456 al-

569 1474 690 1524 tera
722 1470 914 1539 opinio,
954 1470 1049 1524 sed
1083 1485 1204 1524 cum
1242 1470 1341 1523 illa
1376 1472 1675 1526 coniuncta.
1713 1469 1892 1538 prima
1925 1469 2114 1523 mundi
2148 1473 2328 1524 aetate
2361 1473 2679 1540 perpetuum
2712 1484 2805 1523 ver
2840 1469 2921 1523 af-

569 1537 814 1600 fulsisse:
854 1538 997 1592 unde
1032 1539 1178 1591 nasci
1215 1537 1403 1592 debuit
1433 1539 1763 1608 phantasma
1790 1536 2046 1606 paradisi,
2086 1537 2283 1591 aetatis
2318 1553 2526 1600 aureae,
2565 1540 2621 1591 et
2645 1537 2754 1591 alia
2774 1537 2922 1591 simi-

569 1605 700 1659 lia.“
735 1605 911 1668 Heme..
952 1639 1019 1645 -
1057 1607 1423 1660 crescentie
1455 1607 1709 1668 natandi,
1747 1621 1844 1674 pro
1882 1604 2096 1668 vulgari
2132 1605 2419 1670 nascentiS,
2456 1605 2594 1674 quod
2634 1605 2814 1660 Bentl.
2852 1605 2922 1658 ad

571 1672 758 1727 Manil.
794 1661 869 1736 ΙΪ,
909 1677 1027 1728 428.
1066 1674 1153 1728 hic
1186 1674 1474 1754 legendum
1513 1673 1755 1728 coniecit.
1790 1704 1859 1713 —
1916 1671 2049 1733 337.
2093 1673 2213 1727 Non
2250 1673 2411 1727 aliam
2449 1689 2629 1727 rerum
2664 1673 2922 1727 conditio·

573 1757 719 1806 nem,
772 1740 922 1796 aliud
965 1745 1086 1795 tum
1132 1758 1261 1796 anm
1303 1748 1518 1813 tempus
1560 1741 1728 1796 fuisse
1807 1743 1985 1803 utem,
2030 1757 2152 1795 cum
2195 1740 2427 1795 mundns
2472 1741 2774 1795 creabatur.
2843 1740 2925 1795 De

572 1825 699 1930 {2⁹3⁶
717 1811 1033 1930 31:33OE
1109 1825 1207 1931 230
1236 1810 1449 1932 {¹⁰:258
1451 1811 1712 1938 11th
1739 1809 2616 1930 θυέἒᾳῆῒῗὲῗᾞῖωῗῧξῂῗὲι
2637 1808 2812 1929 {rigemfin'
2813 1811 2922 1931 {1²}

580 1947 689 1998 173.
726 1943 844 1998 Nec
867 1962 1041 2014 sopor
1067 1944 1214 1999 illaad
1235 1955 1371 2012 erat,
1410 1947 1502 2000 ubi
1538 1945 1646 1998 vid.
1683 1942 1893 1997 adnott.
1928 1974 1987 1982 —
2015 1945 2197 1998 orbis
2235 1946 2467 2012 agebat
2504 1961 2632 2009 ver,
2667 1946 2731 1997 ut
2763 1960 2925 2011 aym-e

562 2016 778 2083 sestam
810 2011 1055 2067 dicimus.
1125 2013 1309 2067 Burm.
1356 2014 1633 2082 comparat
1667 2010 1824 2068 Ovid.
1858 2011 1990 2065 Met.
2028 2011 2138 2072 111,
2178 2015 2294 2066 327.
2355 2019 2557 2080 septem
2600 2019 2785 2080 eyes-at
2828 2030 2927 2064 au-

575 2087 831 2134 cerannos.
902 2079 1048 2132 Dicit
1067 2081 1237 2146 igitur
1299 2087 1441 2136 oeta:
1521 2097 1578 2134 er
1613 2083 1786 2134 totum
1828 2079 2011 2133 orbem
2048 2082 2314 2134 terrarum
2348 2096 2442 2133 ver
2470 2081 2614 2134 erat:
2654 2078 2788 2132 nihil
2812 2095 2928 2133 am-

617 2146 737 2201 lius.
777 2178 842 2187 -
879 2146 1007 2208 339.
1093 2097 1415 2201 arc-egam
1448 2152 1491 2215 f
1523 2148 1745 2202 atibus
1778 2147 1974 2214 Euri,
2015 2163 2120 2200 non
2155 2148 2376 2202 flabant.
2449 2147 2570 2201 Vid.
2608 2147 2817 2201 adnott.
2857 2147 2926 2201 ad

626 2214 692 2269 cl.
732 2213 832 2278 111,
871 2220 958 2268 94.
998 2166 1083 2269 etp
1086 2216 1215 2270 Aen.
1251 2217 1295 2272 l.
1333 2220 1466 2296 257..
1495 2216 1648 2296 Voss.
1687 2219 1970 2278 memorat,
2007 2215 2292 2269 Horatium
2329 2231 2537 2295 quoque
2574 2214 2742 2295 Eppd.
2770 2214 2925 2294 XVI,

584 2287 665 2337 54.
702 2282 767 2336 de
802 2283 1102 2343 beatorum,
1143 2300 1301 2352 quam
1337 2286 1513 2353 fingit,
1550 2283 1732 2338 insula
1765 2298 1980 2337 canere:
2031 2282 2319 2353 Pluraque
2385 2284 2545 2337 elaces
2577 2284 2929 2336 νιν-αὐτων.-

579 2358 639 2404 ut
661 2367 832 2418 neque
856 2352 1036 2418 lar-qis
1064 2354 1316 2420 Aquom
1337 2353 1527 2406 Eum
1552 2369 1695 2404 arva
1718 2352 1888 2404 radat
1923 2351 2219 2414 irnbribvcs5
2258 2350 2325 2404 de
2376 2367 2490 2403 ,uro
2526 2353 2726 2411 autem,
2763 2350 2928 2405 Grae·

581 2418 1744 2556 essdsszzffifflmfflffisgssdffifflss
1778 2418 2036 2539 ²31⁵inss
2056 2419 2334 2556 .ῗέἔέεὲ
2359 2417 2925 2540 1³⁵·3i‘1'nfssff1ssossssb0t·

582 2552 710 2614 340.
752 2553 899 2607 Cum
922 2555 1187 2624 primae
1222 2571 1317 2623 pro
1357 2556 1490 2608 Oum
1506 2555 1754 2626 primvm.
1792 2554 1879 2608 vel
1909 2554 2148 2623 primam
2187 2554 2420 2617 (lucem).
2491 2554 2574 2608 Cf.
2612 2553 2822 2609 adnctt.
2859 2555 2927 2608 ad

583 2621 708 2676 Geo,
748 2622 792 2685 Ι,
834 2625 914 2675 12.
984 2621 1158 2687 Quare
1192 2639 1296 2676 non
1333 2639 1466 2693 opus
1503 2626 1592 2677 est
1615 2622 1825 2676 Wakes.
1865 2621 2171 2675 coniectura
2204 2621 2272 2676 ad
2308 2622 2467 2675 Lucr.
2507 2622 2578 2684 11,
2622 2624 2769 2676 1038.
2807 2639 2931 2691 pro-

582 2690 722 2744 lata:
771 2688 903 2742 Cum
929 2690 1183 2759 primum.
1222 2723 1289 2731 --
1323 2692 1527 2745 lucem
1607 2691 1842 2743 caudes
1887 2691 2186 2743 hausere.
2246 2688 2362 2743 Lux
2395 2690 2538 2743 enim
2573 2690 2796 2759 liquida
2831 2690 2922 2752 (cf.

584 2757 697 2810 Ecl.
733 2756 825 2819 VI,
861 2761 995 2819 33.);
1033 2773 1193 2826 quam
1228 2775 1261 2826 p
1293 2775 1323 2809 ο
1362 2762 1511 2813 terea
1590 2774 1701 2811 ucr.
1740 2757 1833 2818 IV,
1858 2760 1976 2810 203.
2013 2756 2224 2810 caelum
2256 2759 2444 2823 riyare
2478 2755 2627 2815 dicit.
2664 2757 2733 2810 ad
2769 2774 2923 2826 quem

582 2823 620 2878 1.
663 2824 868 2878 Wakef.
904 2829 1181 2893 comparat
1214 2774 1551 2880 simfllimum
1586 2829 1770 2879 nostro
1805 2825 1987 2878 locum
2025 2825 2188 2878 Anth.
2226 2824 2345 2878 Lat.
2383 2824 2571 2878 Burm.
2607 2825 2710 2887 111,
2741 2827 2852 2888 120,
2878 2831 2925 2879 5.

584 2893 721 2962 Ipsa
763 2893 909 2945 dies
949 2893 1073 2945 ideo
1119 2912 1218 2945 nos
1259 2901 1419 2960 mato
1503 2894 1673 2947 crlm‘t
1711 2893 1975 2957 haustu,
2019 2893 2055 2944 i.
2095 2910 2141 2947 e.
2187 2892 2267 2945 sol
2311 2908 2406 2945 nos
2451 2891 2645 2957 irrigat
2691 2908 2753 2946 ea
2785 2893 2922 2957 luce,

621 2975 743 3014 uam
778 2960 1081 3019 haurimu3‚
1128 2960 1380 3015 bibimus,
1451 2912 1536 3015 gf.
1590 2961 1756 3015 etiam
1790 2960 2004 3014 adnott.
2049 2960 2118 3015 ad
2157 2962 2287 3013 Aen.
2323 2960 2390 3020 X,
2428 2962 2546 3014 899.
2585 2962 2641 3014 et
2675 2960 2767 3024 IV,
2808 2963 2925 3016 359.

658 3032 833 3081 terum
866 3027 1120 3081 Ribbeck.
1159 3045 1277 3082 cum
1301 3027 1482 3083 Palat.
1514 3029 1733 3098 scripsit
1769 3029 2042 3082 hau-scere.
2083 3028 2166 3081 Cf.
2205 3028 2319 3081 eius
2352 3026 2567 3097 Proleg.
2606 3045 2660 3097 p.
2692 3032 2809 3083 445.
2847 3032 2927 3094 (et-

583 3095 774 3173 Wagn.
796 3094 951 3149 Orth.
971 3095 1130 3161 Verg.
1157 3113 1208 3163 p.
1236 3099 1334 3149 468
1360 3114 1385 3149 s
1427 3099 1460 3163 .)
1488 3126 1555 3135 -
1589 3095 1719 3157 341.
1760 3095 1897 3149 Post
1932 3095 2189 3149 animalia
2225 3095 2464 3148 homines
2490 3110 2699 3165 quoque
2725 3111 2759 3149 a
2778 3099 2926 3150 terra

584 3167 717 3216 nati.
763 3162 866 3225 (cf.
894 3161 1105 3216 adnott.
1133 3164 1199 3216 ad
1235 3163 1360 3217 Gen.
1416 3206 1428 3228 ‚
1455 3167 1537 3218 63.
1574 3166 1631 3218 et
1668 3163 1826 3216 Lucr.
1856 3163 1921 3224 V,
1948 3165 2044 3218 789
2065 3179 2092 3216 s
2130 3179 2180 3232 q.
2217 3165 2378 3231 atque
2401 3161 2580 3216 locum
2605 3162 2924 3231 parallelum

583 3231 693 3284 Ecl.
730 3229 822 3292 vl,
860 3233 924 3283 37
963 3248 989 3282 s
1028 3235 1101 3299 q)
1171 3230 1345 3296 Quare
1388 3248 1510 3285 cum
1546 3232 1726 3292 Voss,
1764 3231 1918 3284 lahn.
1959 3233 2015 3284 et
2117 3247 2240 3299 agn.
2297 3240 2452 3299 (quos
2494 3230 2657 3284 etiam
2695 3230 2924 3291 Ladew„

586 3298 787 3367 Haupt.
826 3301 883 3350 et
906 3297 1010 3350 Rib
1109 3299 1160 3351 k.
1192 3302 1508 3367 sequuntur)
1546 3299 1716 3368 recepi
1754 3298 2040 3352 lectionem
2080 3297 2327 3351 Ter-rea
2354 3300 2727 3419 proffinies,
2799 3314 2924 3353 uam

622 3369 795 3419 taeter
832 3365 1024 3419 Medic.
1061 3371 1119 3429 (a
1152 3382 1224 3419 m.
1262 3370 1393 3430 sec.)
1438 3370 1496 3420 et
1541 3383 1707 3421 unum
1750 3365 2000 3420 Pottierii
2050 3365 2179 3418 Cod.
2234 3367 2420 3419 tuetur
2577 3364 2740 3419 tantii
2814 3370 2924 3422 nst.

644 3475 655 3487 .
701 3438 779 3486 10.
818 3433 1113 3486 auctoritas
1148 3439 1203 3487 et
1238 3433 1565 3502 Philargyrii
1600 3431 1865 3487 scholion:
1930 3433 2106 3499 „Quia
2152 3432 2414 3487 creditum
2461 3435 2546 3487 est
2592 3434 2793 3503 primos
2827 3434 2922 3489 ho·

584 3501 753 3555 mines
788 3516 817 3553 e
853 3503 1033 3554 terra
1066 3508 1248 3562 natos,
1302 3518 1335 3555 a
1404 3518 1477 3555 ua
1510 3501 1673 3556 humo
1711 3499 1955 3554 homines
1990 3501 2333 3554 existimabat
2371 3500 2608 3563 dictos,“
2661 3518 2926 3572 quamque

585 3569 748 3623 etiam
781 3567 960 3622 Bentl.
1003 3568 1071 3621 ad
1106 3569 1235 3622 Hor.
1274 3518 1441 3638 Epdld.
1475 3569 1549 3632 11,
1591 3572 1671 3623 18.
1708 3567 1979 3648 fulgatae·
2000 3571 2229 3688 {err-ea,
2279 3580 2435 3638 (quae
2481 3585 2610 3623 sane
2655 3571 2818 3624 etiam
2869 3571 2922 3625 in

586 3636 751 3690 Anth.
788 3635 911 3688 Lat.
949 3636 1135 3689 Burni.
1172 3637 1214 3693 Ι.
1257 3639 1369 3699 178,
1408 3640 1522 3690 229.
1561 3637 1849 3701 invenitur,
1887 3636 1980 3690 ubi
2046 3652 2094 3689 ic
2124 3653 2310 3690 versus
2338 3637 2588 3700 iteratur,
2630 3640 2685 3691 et
2705 3653 2802 3706 pro
2840 3641 2925 3692 ter

623 3703 934 3757 lui-imorum
971 3704 1137 3757 Codd.
1174 3705 1555 3759 auctoritatem
1591 3720 1624 3758 a
1661 3704 1860 3773 Bryceo
1900 3707 1957 3758 et
1979 3704 2311 3772 Coningtone
2338 3707 2621 3767 servatur),
2662 3722 2790 3774 prae
2814 3710 2921 3761 ert.

587 3770 1515 3894 ossssieffiffoiffiivssfflffl„
1537 3770 2278 3907 di1⁰¹¹ss¹¹⁸33¹⁸¹¹1s121¹i1¹21³32fissa
2286 3772 2488 3894 ¹³33&
2518 3773 2924 3896 82¹&ssoess

589 3905 880 3959 Tzschuck.
919 3906 987 3959 ad
1022 3906 1207 3975 Pomp.
1245 3906 1372 3960 Mel.
1412 3908 1455 3961 Ι.
1493 3913 1540 3965 9,
1582 3912 1628 3960 4.
1657 3880 1911 3975 'Legitur
1955 3907 2119 3961 etiam
2165 3908 2308 3976 apud
2346 3908 2500 3961 Varr.
2539 3908 2602 3960 L.
2690 3948 2702 3961 .
2739 3908 2834 3972 IV,
2873 3914 2922 3964 8.

588 3985 790 4025 (murus
825 3982 1080 4036 terreus»,
1129 3991 1214 4042 ap.
1257 3973 1415 4027 eund.
1454 3974 1516 4028 R.
1553 3974 1617 4027 R.
1652 3975 1692 4039 Ι,
1732 3979 1810 4029 14.
1852 3977 1900 4026 2.
1943 3974 2167 4042 (terreus
2201 3986 2415 4043 amer),
2467 3979 2523 4030 et
2560 3975 2715 4030 Caes.
2753 3976 2816 4029 B.
2855 3977 2918 4031 G.

592 4041 632 4105 1,
668 4043 751 4093 43.
792 4042 1048 4094 (immam
1080 4050 1325 4100 terreus».
1399 4042 1559 4096 uibus
1598 4046 1778 4096 tamen
1818 4041 1950 4095 locis
1990 4043 2236 4096 omnibus
2271 4043 2389 4112 ipsa
2423 4043 2665 4105 materia,
2705 4060 2810 4114 qua
2834 4062 2920 4099 res

589 4111 861 4165 constant.
915 4125 974 4162 eo
1022 4109 1307 4163 indicatur.
1406 4115 1480 4162 ,st
1524 4111 1542 4163 i
1584 4110 1691 4163 itur
1737 4109 1944 4163 Tem-ea
1981 4112 2274 4181 progenies
2317 4110 2554 4165 Lucretii
2607 4110 2692 4175 (V,
2749 4116 2921 4177 1410.)

587 4192 752 4243 {penus
799 4176 1209 4240 tem-iyenarzmz.
1257 4177 1426 4244 Heyn.
1567 4193 1749 4243 frarem
1794 4176 2078 4231 lectionem
2116 4178 2326 4233 Ferrea
2355 4196 2516 4248 pron.
2555 4179 2637 4232 ita
2670 4179 2915 4250 explicat,

590 4245 654 4295 ut
692 4241 1007 4311 simpliciter
1056 4245 1285 4306 „durum
1328 4261 1519 4309 genus,
1579 4248 1799 4314 propter
1858 4245 2070 4299 labores
2124 4251 2178 4300 et
2232 4262 2516 4300 aerumnas
2573 4246 2917 4302 tolerandas“

592 4309 887 4375 significare
921 4317 1150 4365 censeat.
1228 4311 1439 4365 Peerlk.
1481 4316 1662 4366 autem
1705 4330 1759 4381 p.
1810 4316 1918 4367 147.
1968 4314 2102 4367 coni.
2173 4315 2363 4368 Aurea
2404 4316 2717 4384 proyem‘es.
2776 4316 2917 4385 quod

593 4375 863 4453 epitheton
905 4392 1085 4430 recens
1128 4379 1273 4432 natis
1320 4379 1623 4433 hominibus
1675 4379 1865 4433 melius
1924 4382 2223 4439 convenire.
2288 4397 2448 4450 quam
2499 4382 2648 4451 vulg.
2694 4386 2914 4452 ferrea,

595 4457 701 4493 :am
736 4440 1073 4511 Oudendorp.
1111 4445 1178 4496 ad
1215 4446 1401 4499 Front.
1438 4446 1605 4500 Sti-at.
1641 4445 1734 4507 lv,
1777 4449 1824 4501 1.
1864 4447 2322 4503 animadverterit.
2369 4480 2435 4488 —-
2480 4451 2671 4503 duris
2701 4452 2914 4518 arvis,

595 4507 829 4560 nondum
866 4506 1020 4561 cultu
1051 4510 1334 4587 mitigatis.
1373 4542 1434 4551 —
1471 4511 1604 4572 842.
1634 4514 1865 4567 sidera
1899 4531 2001 4568 non
2040 4516 2212 4570 solum
2238 4515 2566 4586 philosophis
2594 4518 2911 4587 quibusdam

599 4572 936 4637 Graecorum,
970 4575 1064 4629 sed
1099 4579 1260 4630 etiam
1295 4578 1455 4646 vulgo
1495 4580 1866 4649 superstitioso
1901 4586 2126 4638 naturae
2150 4583 2418 4639 animatae
2445 4585 2681 4655 adeoque
2702 4584 2911 4641 divinae
