3616 5026
1411 231 1942 302 GEORGIOON
1980 234 2148 300 LIB.
2210 234 2261 300 Ι.
2878 244 2993 309 189

660 398 798 464 Nec
839 397 961 464 tibi
1003 421 1036 463 r
1168 397 1322 465 andi
1362 401 1583 466 veniat
1622 412 1755 466 tam
1797 400 1943 469 dira
1988 402 2244 491 cupido,

664 480 983 562 Quamvis
1023 481 1084 547 E
1108 483 1288 568 ysios
1334 485 1603 549 miretur
1646 482 1929 552 Graecia
1972 509 2237 575 campos

660 564 797 630 Nec
838 567 1114 665 repetita
1161 567 1339 654 sequi
1377 578 1560 632 curet
1599 566 1998 656 Proserpina
2041 581 2313 636 matrem
2356 605 2439 615 —

659 647 771 714 Da
808 647 1066 715 facilem
1112 671 1373 714 cursum
1417 655 1613 737 atque
1656 651 2014 718 audacibus
2056 652 2268 718 adnue
2312 652 2555 740 coeptis
2926 664 2992 712 40

658 730 1057 820 Ignarosque
1094 732 1244 797 viae
1286 753 1540 799 mecum
1585 735 1929 801 miseratus
1955 738 2233 822 agrestis

657 813 1009 900 Ingredere
1056 823 1121 880 et
1160 817 1332 881 votis
1374 817 1508 882 iam
1552 840 1724 883 nunc
1763 818 2081 885 adsuesce
2126 820 2369 884 vocari.

655 1031 849 1102 Wagn.
889 1033 1062 1088 edidit
1093 1051 1155 1089 ex
1188 1034 1329 1091 Med.
1371 1052 1404 1091 a
1446 1053 1518 1091 m.
1554 1055 1662 1107 pr.,
1704 1038 1857 1092 Rom.
1898 1042 1953 1092 et
1985 1038 2112 1092 Ald.
2148 1038 2251 1093 III.
2296 1036 2730 1092 emendatissima
2773 1034 2987 1115 (quibus

654 1098 790 1154 adde
825 1100 945 1156 Pal.
982 1117 1017 1155 a
1049 1119 1123 1156 m.
1160 1119 1242 1172 pr.
1278 1108 1336 1158 et
1370 1119 1538 1158 unum
1572 1105 1771 1161 Bernd.
1807 1106 1985 1186 Vulgo
2021 1114 2250 1178 sperent.
2286 1104 2585 1173 Utrumque
2621 1103 2833 1159 defendi
2869 1106 2987 1173 pot-

654 1171 764 1246 est;
810 1168 904 1222 sed
934 1169 1265 1224 Indicativus
1312 1180 1493 1241 (quem
1529 1173 1696 1227 etiam
1729 1175 2085 1229 recentissimi
2118 1174 2349 1229 editores
2385 1174 2687 1233 servarunt)
2719 1189 2830 1227 rem
2867 1186 2989 1237 gra-

654 1250 772 1289 vius
806 1237 1079 1306 exprimit:
1120 1237 1344 1292 Tartaro
1379 1256 1446 1294 ne
1485 1240 1538 1293 in
1574 1243 1810 1296 mentem
1846 1241 2058 1311 quidem
2099 1242 2244 1297 venit
2281 1241 2381 1295 hoc
2424 1255 2652 1309 sperare,
2696 1240 2835 1309 quod
2864 1248 2987 1292 tuae

653 1304 926 1384 maiestati
972 1309 1029 1359 ct
1071 1304 1328 1375 dignitati
1371 1323 1477 1360 non
1514 1310 1791 1363 convenire
1828 1310 1941 1379 ipse
1980 1310 2195 1364 sentiat.
2236 1343 2300 1349 —
2337 1309 2632 1361 Tartara
2666 1322 2847 1376 (quam
2883 1306 2990 1359 for-

655 1386 796 1449 mam
832 1379 997 1426 etiam
1031 1372 1158 1427 Geo.
1197 1373 1268 1435 11,
1309 1377 1424 1428 292.
1462 1375 1565 1437 IV,
1605 1381 1724 1432 482.
1762 1379 1892 1432 Aen.
1931 1377 2031 1439 IV,
2073 1381 2185 1431 243.
2221 1377 2287 1439 V,
2327 1380 2443 1430 734.
2481 1375 2573 1439 VI,
2613 1378 2730 1428 543.
2768 1380 2825 1429 et
2858 1373 2988 1428 alibi

653 1439 973 1518 myenimus)
1016 1457 1060 1494 s.
1096 1441 1355 1496 Tartarus
1389 1444 1600 1513 proprie
1647 1443 1863 1515 quidem
1902 1445 1948 1498 is
1986 1447 2069 1499 est
2105 1445 2394 1499 inferorum
2435 1443 2600 1504 locus,
2643 1442 2732 1496 ubi
2769 1441 2898 1496 mali
2935 1444 2990 1494 et

653 1508 832 1561 miseri
866 1510 1174 1563 versantur:
1213 1509 1300 1564 hic
1333 1517 1515 1566 tamen
1557 1517 1642 1577 (ut
1675 1512 1820 1582 apud
1855 1512 2008 1567 Ovid.
2036 1513 2165 1566 Met.
2204 1512 2270 1575 X,
2310 1515 2392 1566 21.
2421 1511 2542 1573 XII,
2581 1514 2696 1565 619.
2734 1512 2856 1571 etc.)
2893 1525 2989 1578 pro

651 1574 836 1628 inferis
882 1577 1095 1629 omnino
1132 1578 1376 1646 ponitur,
1424 1583 1490 1632 ut
1526 1579 1633 1633 iam
1668 1596 1730 1635 ex
1768 1581 1981 1650 Elysiae
2018 1580 2227 1651 campie
2295 1581 2411 1632 atet
2451 1594 2501 1632 v.
2537 1581 2618 1631 38.
2658 1576 2988 1631 substitutis.

652 1639 983 1697 Posteriores
1020 1642 1236 1698 demum
1270 1647 1577 1701 accuratius
1612 1646 1957 1717 distinguunt
1993 1648 2136 1701 inter
2158 1646 2236 1702 Ta
2291 1662 2444 1700 arum
2479 1646 2536 1699 et
2566 1644 2632 1698 El
2669 1645 2806 1698 sium
2848 1647 2989 1698 tam·

653 1724 813 1777 quam
859 1709 1100 1766 diversas
1145 1712 1270 1767 Orci
1319 1713 1582 1783 regiones,
1651 1715 1900 1770 Ceterum
1946 1732 1973 1769 r
2068 1714 2176 1770 exit
2217 1714 2358 1768 hunc
2399 1713 2577 1766 locum
2665 1712 2827 1766 aulin.
2862 1710 2986 1766 Nol.

651 1775 720 1830 ad
744 1778 1065 1834 Lucentium
1101 1795 1150 1834 v.
1189 1783 1271 1835 87.
1310 1798 1362 1851 p.
1400 1786 1520 1837 408.
1550 1783 1826 1852 Rosweyd.
1864 1785 1918 1850 (a
1935 1782 2039 1836 Rib
2109 1780 2228 1836 ckio
2266 1780 2435 1845 laud.)
2473 1779 2611 1843 Quia
2686 1780 2750 1833 id
2778 1797 2987 1848 aqae—

647 1862 776 1898 nam
808 1852 860 1899 te
896 1864 994 1900 nee
1099 1856 1212 1901 eret
1254 1852 1497 1904 mundus
1530 1851 1782 1905 amicum.
1819 1883 1885 1891 ——
1927 1848 2022 1911 37.
2056 1850 2303 1913 veniat,
2342 1849 2563 1903 oriatur.
2648 1846 2686 1901 f.
2726 1846 2854 1902 Geo,
2889 1846 2983 1909 IV,

648 1915 764 1966 418.
802 1913 935 1969 Aen.
972 1865 1096 1975 113⁷?
1136 1919 1247 1970 138.
1281 1915 1355 1975 V.
1397 1920 1513 1971 344.
1551 1917 1653 1979 XI,
1712 1921 1827 1972 538.
1865 1921 1979 1971 733.
2019 1920 2119 1972 etc.
2156 1917 2278 1971 Vid.
2316 1916 2481 1972 etiam
2515 1915 2724 1970 adnott.
2766 1914 2835 1969 ad
2873 1912 2986 1968 Ecl.

647 1979 719 2041 V,
761 1983 842 2036 82.
914 1981 1094 2037 Verba
1151 1991 1279 2037 tam
1338 1985 1499 2039 dira
1543 2004 1619 2039 cn
1676 1986 1789 2040 ido
1832 1984 2060 2042 redeunt
2091 1986 2223 2039 Aen.
2258 1984 2350 2048 VI,
2392 1987 2510 2037 373.
2549 1986 2605 2038 et
2639 1983 2732 2045 IX,
2775 1986 2884 2036 185.
2923 2015 2982 2021 —

648 2043 740 2107 88.
776 2048 1013 2119 Elysii
1044 2053 1273 2121 campi.
1313 2050 1435 2106 Vid.
1475 2052 1575 2107 Tib
1660 2096 1673 2107 .
1709 2054 1760 2115 1,
1800 2058 1849 2107 3.
1887 2056 1970 2107 58.
1993 2054 2191 2107 Lucan.
2215 2052 2309 2111 VI,
2346 2054 2464 2106 698.
2498 2050 2734 2105 Martial.
2770 2049 2863 2113 IX,
2903 2053 2985 2113 52,

648 2119 696 2169 5.
733 2118 836 2171 etc.
905 2117 1300 2173 Describuntur
1332 2122 1467 2176 Aen.
1501 2120 1595 2176 VI.
1632 2124 1732 2174 638
1768 2138 1907 2190 sqq..
1942 2122 2036 2175 ubi
2070 2120 2177 2175 vid.
2219 2120 2429 2173 adnott.
2467 2117 2722 2173 Ribbeck.
2757 2118 2988 2171 Elis-sios

647 2182 863 2304 2⁰33?st
887 2185 1185 2308 οιιῧῡοτέᾱ.
1203 2186 1484 2309 ,Πίοΐιιιιιὶιᾶἰᾳ
1508 2205 1559 2268 ρ..
1586 2188 1770 2310 38ἓὲξ.
1787 2220 1864 2311 ἇ-
1885 2189 2189 2310 mfrettzgfi,
2217 2187 2482 2308 eeldibrffii
2483 2184 2789 2309 5111&ssngss
2791 2184 2987 2306 nteit-'linis

805 2292 817 2305 .
854 2282 923 2292 —
1024 2272 1105 2307 ra
1150 2272 1273 2310 cta.
1431 2272 1582 2310 rimis
1838 2272 1977 2310 raeci
2010 2272 2066 2310 m
2167 2273 2184 2308 1
2225 2272 2289 2309 eu
2380 2272 2407 2308 s
2512 2296 2524 2309 .
2973 2292 2985 2305 .

648 2317 861 2372 adnott.
897 2319 967 2376 ad
1001 2320 1117 2375 Ecl.
1160 2321 1204 2379 1.
1243 2325 1325 2376 62.
1362 2339 1391 2377 e
1453 2323 1546 2385 IV,
1583 2329 1613 2377 5
1651 2369 1662 2379 .
1705 2354 1765 2364 —
1802 2322 1895 2382 39.
1932 2272 2227 2377 Notissimii
2253 2323 2339 2376 est
2364 2321 2552 2376 fabula
2576 2320 2641 2375 de
2667 2320 2986 2390 Proserpina

649 2392 897 2458 (Περσεᾳ
910 2390 1033 2461 όνῃ)
1069 2405 1104 2443 a
1143 2388 1375 2444 Plutone
1411 2393 1571 2470 rapta
1605 2394 1659 2445 et
1695 2408 1728 2445 a
1777 2392 1968 2446 Cerere
2015 2397 2188 2445 matre
2239 2406 2336 2459 per
2393 2406 2575 2444 omnes
2627 2393 2826 2444 terras».
2891 2405 2985 2457 per

646 2455 1432 2595 fflssssf‘sslssffissnffl·
1465 2459 1924 2582 imssfii'iffssma
1941 2458 2234 2581 Ἧὲεῗιῖξῑ.
2242 2456 2514 2581 ei11s³¹⁸3¹3¹13
2535 2457 2789 2597 223¹&ss
2811 2456 2981 2579 Ψέἓὲ

646 2539 747 2654 IV,
785 2595 869 2646 48.
906 2592 1062 2646 Ovid.
1099 2592 1225 2647 Met.
1264 2594 1337 2656 V,
1385 2568 1637 2665 385⁹sq'q.
1688 2567 1983 2659 Fast.'1v‚
2028 2600 2128 2649 419
2164 2612 2279 2665 sqq.
2324 2594 2467 2664 Hyg.
2504 2594 2543 2648 f.
2591 2597 2702 2648 146.
2738 2594 2981 2646 Creuzer.

644 2656 828 2727 Symb.
862 2659 953 2714 IV.
990 2677 1043 2730 p.
1084 2662 1178 2715 169
1212 2677 1275 2731 sq
1316 2702 1327 2714 .
1368 2661 1489 2716 Huc
1524 2662 1750 2717 maxime
1779 2662 1913 2716 facit
1934 2662 2116 2717 Lucan
2134 2662 2226 2723 VI,
2267 2665 2385 2716 699.
2424 2662 2633 2716 eaelum
2655 2669 2769 2715 mat
2933 2677 2985 2712 ce

637 2743 845 2806 perosa
878 2727 1239 2799 Persephone.
1276 2678 1417 2784 qur
1458 2729 1469 2741 “
1500 2730 1581 2785 'us
1624 2735 1801 2785 autem
1864 2731 1917 2783 in
1961 2746 2021 2784 eo
2064 2729 2267 2785 recedit
2299 2730 2368 2783 ab
2404 2729 2631 2784 aliorum
2667 2730 2752 2794 (ut
2784 2728 2884 2807 Qvi
2924 2729 2982 2784 iil

643 2798 974 2856 narratione,
1035 2795 1175 2865 quod
1218 2796 1239 2849 i
1275 2797 1387 2851 sius
1496 2799 1768 2867 oserpinae
1806 2802 2037 2852 matrem
2073 2801 2409 2852 revocantem
2444 2798 2592 2866 sequi
2626 2796 2855 2850 nolentis
2890 2811 2982 2849 vo-

643 2860 846 2915 luntati
880 2862 1091 2927 tribuit,
1129 2879 1233 2933 quo
1306 2863 1429 2918 aliis
1464 2865 1771 2920 auctoribus
1804 2866 1946 2919 Iovis
1982 2865 2132 2919 iussu
2173 2866 2347 2919 facere
2391 2869 2584 2936 coacta
2617 2868 2751 2919 erat.
2791 2894 2855 2903 -
2889 2880 2980 2916 re-

692 2930 881 2994 etita,
920 2933 1187 2993 revocata,
1226 2948 1350 2986 recu
1388 2938 1555 2995 erata,
1592 2936 1657 2987 ut
1689 2934 1820 2988 Aen.
1849 2932 1971 2992 VII,
2009 2936 2126 2987 240.
2152 2932 2332 2987 Plaut.
2371 2931 2526 2987 True.
2553 2931 2647 2995 IV,
2685 2935 2733 2996 3,
2776 2934 2857 2984 72.
2882 2930 2981 2983 Fi-

676 2997 688 3010 '
808 2998 972 3053 istim
1003 3006 1155 3051 mun
1191 3006 1239 3053 ee
1384 3002 1468 3053 itte
1501 3008 1580 3054 eet
1611 3009 1870 3081 repetere.
1910 3000 2029 3055 Ter.
2065 3000 2232 3055 Andr.
2267 3000 2320 3065 1,
2366 3005 2422 3064 5,
2475 3005 2553 3055 14.
2630 2998 2717 3052 Re
2759 2999 2983 3052 zula'atue

639 3072 862 3135 repetor
895 3068 999 3120 etc.
1035 3097 1103 3106 —
1135 3083 1250 3121 nec
1284 3076 1468 3121 curet
1498 3085 1711 3137 sequa,
1754 3069 1791 3122 i.
1846 3085 1899 3138 q.
1947 3068 2085 3122 nolit
2128 3068 2296 3138 sequi.
2368 3067 2452 3122 Cf.
2498 3068 2608 3121 Cic.
2750 3066 2899 3120 Fam.
2932 3065 2976 3128 1,

639 3136 687 3186 9.
725 3140 788 3186 ut
818 3133 1007 3186 redire
1040 3152 1153 3188 non
1191 3144 1356 3188 curet.
1394 3134 1468 3189 id.
1510 3135 1674 3190 Acad.
1711 3138 1852 3205 post.
1890 3136 1933 3196 1,
1972 3140 2020 3196 2,
2059 3139 2108 3191 4.
2143 3153 2210 3189 ea
2244 3136 2403 3190 nolui
2432 3136 2689 3198 scribere,
2727 3151 2867 3214 φωρ
2906 3162 2930 3173 ·
2956 3162 2978 3174 -

637 3217 736 3254 nec
776 3201 932 3255 docti
973 3204 1025 3257 le
1061 3218 1150 3255 ere
1191 3211 1462 3257 curarent.
1509 3203 1681 3257 Lucil.
1728 3219 1816 3273 ap.
1865 3203 1975 3256 Cic.
2021 3203 2087 3258 de
2121 3203 2213 3259 Or.
2249 3203 2329 3267 H,
2376 3205 2425 3267 6,
2470 3206 2552 3257 25.
2587 3202 2836 3255 Per-stum
2871 3219 2980 3254 non

638 3286 771 3323 curo
807 3268 998 3337 leqere.
1091 3286 1163 3324 or.
1202 3269 1422 3334 Od.II],
1463 3275 1511 3332 5.
1550 3275 1631 3326 29.
1668 3271 1787 3324 Nec
1821 3288 1953 3324 vera
1991 3274 2165 3325 virtus
2198 3303 2220 3314 -
2253 3300 2277 3311 ·
2314 3269 2486 3324 Curat
2519 3270 2720 3340 reponi
2749 3270 2979 3323 deterio-

636 3337 790 3390 ribus
824 3338 925 3391 etc.
993 3336 1074 3391 De
1111 3339 1269 3392 verbo
1305 3340 1547 3392 curandi
1574 3338 1845 3392 Infinitive
1881 3337 2043 3393 alicui
2079 3338 2363 3393 coniuncto
2399 3338 2468 3391 cf.
2493 3337 2679 3391 Burm.
2715 3336 2783 3390 ad
2807 3336 2975 3390 Rutil.

636 3403 681 3466 1,
723 3407 841 3458 429.
875 3434 943 3443 -
978 3402 1072 3464 40.
1109 3405 1216 3458 Da
1236 3406 1530 3475 facilem
1567 3424 1857 3468 cursum,
1894 3406 1927 3460 i.
1971 3424 2017 3461 e.
2051 3407 2176 3466 Fac,
2215 3408 2438 3460 eventus
2475 3403 2696 3460 canendi
2731 3420 2978 3473 prospere

636 3477 694 3525 et
729 3487 791 3526 ex
826 3472 1098 3526 sententia
1138 3471 1269 3526 mihi
1312 3474 1587 3544 procedat.
1666 3473 2021 3543 Methaphora
2075 3490 2108 3528 a
2159 3473 2460 3542 navigando
2521 3472 2773 3534 deducta,
2837 3471 2979 3525 unde

636 3539 803 3593 etiam
837 3539 976 3594 aliae
1012 3538 1274 3594 dictiones
1313 3540 1711 3611 metaphoricae
1757 3541 1827 3596 ad
1863 3543 2138 3596 fortunam
2186 3544 2284 3595 aut
2329 3539 2615 3595 secundam
2654 3543 2751 3593 aut
2784 3540 2978 3593 adver-

636 3622 751 3660 sam
791 3606 1111 3662 translatae.
1154 3607 1277 3662 Vid.
1318 3609 1475 3663 Ovid.
1518 3609 1665 3663 Fast.
1704 3609 1755 3670 1,
1797 3613 1847 3662 3.
1887 3609 2017 3664 ibid.
2055 3625 2103 3664 v,
2142 3612 2258 3663 466.
2294 3612 2349 3662 et
2384 3608 2589 3662 similes
2627 3606 2785 3661 locos.
2842 3606 2978 3660 Our-

634 3692 753 3728 mm
785 3676 924 3729 dare
957 3674 1188 3745 legimus
1226 3677 1391 3731 etiam
1428 3678 1560 3731 Aen.
1585 3677 1687 3738 III,
1725 3680 1843 3731 337.
1915 3675 2166 3732 Ceterum
2203 3676 2430 3730 conferri
2457 3676 2621 3730 etiam
2654 3677 2834 3755 potest
2871 3674 2978 3727 Lu-

635 3742 895 3823 eret3V1,
932 3746 997 3798 92
1034 3761 1113 3814 sq.
1151 3744 1238 3797 Tu
1269 3745 1410 3798 milii
1442 3763 1509 3824 εμ
1578 3761 1726 3799 arnae
1750 3744 2110 3866 praescripta
2141 3747 2221 3797 ad
2254 3744 2497 3823 caric-lida
2535 3742 2697 3822 callia
2722 3741 2981 3821 Citrrenu'

635 3893 762 3957 ‚um
801 3877 877 3931 st
898 3811 1523 3960 ssoemmf’c’ff1‘153r’2‘ssssssssto
1558 3812 1858 3935 3523...]
1859 3812 2036 3944 fiam
2046 3830 2172 3959 513er
2180 3829 2360 3949 5358:
2369 3809 2979 3958 ‘ggfiggssiffggssggg

631 3945 730 3999 illa
763 3946 1131 4015 sequebantur
1174 3965 1378 4017 proscn
1418 3951 1591 4002 tiones
1625 3964 1981 4018 agrorumque
2019 3946 2328 4008 divisiones„
2374 3948 2617 4016 pristinis
2654 3945 2853 3999 eoloms
2892 3945 2976 3998 vel

632 4013 932 4068 interfectis
970 4014 1057 4068 vel
1094 4014 1358 4084 depulsis,
1478 4015 1623 4070 mani
1662 4032 1870 4069 omnem
1910 4016 2020 4071 fere
2057 4015 2446 4082 agriculturam
2489 4012 2868 4068 dedidicerant.
2911 4046 2974 4052 -

628 4099 865 4135 mecum
897 4083 1281 4150 miseratus,
1325 4087 1390 4138 ut
1433 4100 1462 4138 e
1503 4099 1532 4137 ο
1576 4083 1798 4137 miseror
1843 4084 1932 4146 (cf.
1976 4082 2185 4137 adnott.
2229 4082 2298 4137 ad
2334 4081 2446 4136 1⁴:01.
2483 4081 2590 4144 III,
2632 4085 2765 4144 32.);
2823 4097 2852 4132 ο
2891 4097 2974 4134 em

631 4150 773 4203 enim
799 4150 941 4203 serre
962 4159 1204 4220 rogatur.
1234 4183 1301 4191 —
1326 4148 1419 4211 42.
1497 4154 1821 4220 vim-edere
1846 4167 1954 4205 non
1978 4167 2099 4205 cum
2125 4150 2283 4204 Infin.
2309 4150 2506 4204 vocari
2530 4149 2823 4216 coniungen
2867 4164 2973 4210 um,

631 4216 725 4271 sed
770 4218 1018 4271 absolute
1063 4216 1268 4272 dictum
1315 4217 1531 4273 videtur
1573 4218 1639 4272 de
1676 4234 1732 4272 re
1768 4234 1991 4299 magna,
2035 4218 2103 4272 ad
2154 4234 2314 4288 quam
2352 4216 2744 4287 suscipiendam
2779 4215 2975 4287 aliquis

631 4285 923 4348 excitatur,
965 4289 1029 4339 ut
1064 4286 1198 4340 Aen.
1244 4285 1403 4347 VIII,
1452 4289 1545 4339 511
1586 4303 1720 4355 sqq„
1775 4287 1869 4340 ubi
1907 4285 2154 4341 Evander
2187 4287 2285 4339 boc
2320 4286 2480 4339 verbo
2516 4287 2750 4340 Aeneam
2784 4283 2852 4338 ad
2891 4302 2973 4339 re-

706 4369 798 4406 um
844 4352 1239 4421 Tyrrhenorum
1289 4353 1672 4423 capessendum
1717 4354 1935 4408 excitat.
2011 4353 2164 4408 Voss.
2210 4354 2475 4407 convertit
2519 4352 2737 4407 warnae
2779 4370 2971 4414 varan,

628 4368 939 4490 {nugustmn
975 4422 1218 4488 cogitans
1254 4424 1533 4491 tamquam
1570 4437 1765 4476 numen
1804 4422 2039 4477 tutelare
2077 4425 2286 4490 poetam
2326 4422 2381 4474 in
2428 4423 2677 4491 suscepto
2702 4436 2862 4474 cursu
2887 4438 2972 4473 co·

632 4489 852 4543 mitans.
922 4487 1104 4543 Minus
1152 4491 1296 4545 recte
1336 4489 1537 4569 Heyn..
1586 4488 1706 4543 coll.
1757 4491 1891 4545 Aen.
1931 4490 2013 4552 11,
2056 4493 2167 4543 174.
2204 4489 2305 4552 IV,
2349 4493 2459 4544 107.
2492 4489 2596 4550 XI,
2637 4492 2752 4542 704.
2789 4492 2846 4541 et
2879 4488 2973 4541 illo

628 4555 746 4678 {geo
780 4555 897 4611 loco
933 4555 1084 4618 VIII,
1122 4560 1264 4621 513„
1300 4557 1534 4626 explicat
1568 4558 1765 4627 incipe,
1805 4558 1950 4613 haud
1977 4556 2137 4612 dubie
2161 4574 2354 4612 canere
2376 4557 2462 4611 vel
2486 4557 2598 4612 tale
2624 4555 2750 4626 quid
2776 4556 2972 4610 subau-

685 4640 798 4679 ens.
839 4655 906 4665 --
942 4623 1076 4678 iam
1109 4643 1280 4679 nunc
1317 4627 1656 4689 adsuesce,
1691 4628 1883 4695 utpote
1922 4628 2054 4681 deus
2089 4625 2322 4680 futurus.
2393 4625 2648 4680 Cf.locus
2666 4624 2972 4679 simillimus
