3616 5026
555 246 667 309 124
1249 242 1318 307 P.
1369 238 1736 307 VERGILI
1777 240 2177 310 MARONIS

545 406 956 495 Exspectare
1001 415 1104 474 sat
1143 417 1269 475 est:
1314 416 1531 474 custos
1575 429 1642 473 es
1685 408 1998 496 pauperis
2034 407 2222 475 horti.

548 490 736 556 Nunc
773 499 838 556 te
881 513 1318 557 marmoreum
1360 514 1479 580 pro
1522 501 1818 578 tempore
1858 490 2161 576 fecimus3
2206 500 2273 557 at
2303 501 2394 572 tu,
2820 503 2885 554 35

550 572 621 638 Si
662 574 873 639 fetura
909 595 1174 661 gregem
1214 575 1637 662 suppleverit,
1693 596 1931 641 aureus
1973 584 2129 641 esto.

1494 726 1535 774 C
1550 725 1594 774 Ο
1610 725 1712 773 RY
1729 726 1778 772 D
1796 723 1840 774 Ο
1855 726 1920 774 N.

548 841 787 906 Nerine
838 838 1134 921 Galatea,
1182 839 1402 926 thymo
1448 839 1606 906 mihi
1648 839 1900 906 dulcior
1942 838 2226 928 Hyblae,

548 1125 665 1160 nus
695 1105 781 1161 vel
817 1107 1031 1161 sinum
1066 1112 1151 1162 est
1184 1124 1280 1162 vas
1314 1109 1554 1179 amplum
1588 1110 1710 1163 vino
1748 1110 1833 1164 vel
1871 1110 2001 1164 lacti
2039 1107 2335 1181 recipiendo
2375 1108 2708 1163 destinatum
2728 1111 2783 1162 et
2808 1125 2888 1162 se·

551 1174 779 1229 cundum
816 1174 974 1229 Varr.
1012 1176 1074 1229 L.
1113 1176 1171 1229 L.
1212 1176 1311 1231 IV.
1365 1181 1447 1231 26.
1485 1179 1563 1232 ita
1601 1180 1868 1241 vocatum.
1918 1179 2098 1247 ..quod
2136 1178 2389 1233 maiorem
2428 1176 2758 1231 cavationem
2794 1175 2888 1231 ha-

547 1243 657 1306 bet,
700 1258 858 1322 quani
896 1244 1143 1313 pocula.“
1214 1243 1380 1298 Sirim
1417 1249 1601 1300 autem
1632 1245 1867 1315 primum
1912 1261 2301 1316 quamcumque
2328 1244 2657 1298 cavationem
2687 1243 2887 1365 signifi-

548 1313 661 1374 cat,
708 1309 929 1380 ideoque
971 1313 1133 1365 etiam
1182 1327 1276 1365 vas
1326 1313 1598 1367 sinuosum
1639 1312 1729 1376 (cf.
1770 1313 1979 1368 Nonius
2012 1313 2135 1376 XV,
2190 1315 2317 1370 343.
2416 1328 2484 1365 uo
2520 1327 2680 1366 sensu
2743 1327 2889 1366 orma

546 1378 698 1431 sinus
736 1378 940 1448 legitur
973 1395 1024 1432 v,
1062 1395 1109 1433 c.
1146 1379 1199 1433 in
1241 1380 1459 1434 Anthol.
1498 1380 1620 1435 Lat.
1659 1381 1847 1434 Burm.
1906 1380 1987 1442 Π,
2048 1384 2170 1435 363.
2229 1383 2279 1434 2.
2371 1394 2408 1433 u
2445 1379 2464 1433 i
2514 1381 2666 1434 sium
2708 1378 2887 1439 laetis,

547 1449 612 1499 ut
648 1444 751 1509 hic,
793 1450 1252 1501 commemoratur.
1297 1451 1353 1501 et
1386 1448 1568 1503 Plaut.
1607 1449 1762 1503 Curc.
1799 1449 1847 1510 1,
1898 1452 1942 1512 1,
1974 1452 2057 1503 83.
2096 1421 2323 1510 Rudff',
2367 1450 2415 1510 2,
2454 1451 2558 1509 31..
2599 1447 2774 1502 altera
2796 1461 2888 1500 au·

548 1516 659 1567 tem
695 1513 870 1567 forma
903 1514 1079 1568 sinum
1118 1513 1370 1568 Varronis
1404 1515 1444 1569 l.
1485 1514 1526 1570 l.
1564 1518 1619 1570 et
1652 1515 1799 1578 Vm,
1845 1519 1924 1570 16.
1961 1516 2144 1571 Plaut.
2180 1515 2336 1570 Curc.
2368 1513 2413 1576 1,
2456 1517 2504 1578 2,
2545 1518 2624 1570 13.
2657 1513 2886 1569 alibi.—

547 1582 702 1636 haec
736 1581 902 1648 liba,
940 1582 975 1635 i.
1017 1598 1063 1636 e.
1098 1581 1231 1636 haec
1263 1583 1397 1652 ipsa,
1470 1599 1570 1638 uae
1603 1583 1704 1637 tibi
1746 1599 1889 1638 nunc
1930 1583 2108 1646 offero,
2149 1601 2193 1637 s.
2272 1598 2372 1637 uae
2409 1581 2511 1636 tibi
2548 1581 2735 1637 offerre
2769 1598 2890 1635 con·

549 1651 711 1703 sueri.
781 1649 865 1703 Cf.
903 1651 1036 1705 Aen.
1071 1649 1116 1714 1,
1154 1652 1251 1703 252
1287 1669 1368 1721 sq.
1465 1693 1476 1710 ,
1515 1655 1613 1705 445
1649 1667 1770 1773 Ἠ
1804 1651 1899 1714 IV,
1937 1655 2022 1705 46.
2061 1655 2176 1705 237.
2217 1653 2247 1704 2
2285 1653 2335 1703 2.
2372 1653 2490 1703 419.
2527 1653 2645 1704 614.
2671 1650 2734 1706 V.
2769 1652 2885 1703 417.

548 1716 642 1779 VI,
683 1720 776 1771 142
816 1721 917 1772 etc.
953 1734 1071 1773 cum
1114 1717 1179 1771 W
1293 1758 1305 1771 .
1345 1718 1446 1783 Qu.
1484 1718 1635 1788 Virg.
1775 1759 1788 1779 ‚
1832 1723 1876 1773 1.
1945 1719 2122 1773 Liba
2155 1735 2183 1773 e
2227 1719 2401 1773 farina
2435 1716 2524 1771 sili
2566 1718 2578 1731 '
2621 1733 2700 1779 ea,
2739 1732 2891 1772 caseo

546 1784 633 1839 vel
667 1784 809 1839 lacte
848 1785 902 1838 ol
1000 1802 1068 1840 ue
1101 1801 1161 1839 co
1238 1785 1534 1848 ciebantur,
1575 1790 1633 1841 et
1666 1786 1826 1840 melle
1863 1785 2217 1841 illinebantur
2256 1785 2348 1851 (cf.
2375 1784 2513 1839 Cato
2602 1825 2615 1838 .
2653 1785 2718 1838 R.
2756 1788 2889 1850 75.);

549 1868 741 1906 nomen
780 1854 963 1907 autem
1038 1853 1273 1907 abebant
1311 1870 1344 1907 a
1381 1854 1626 1916 libando,
1701 1870 1792 1909 ma
1824 1854 2145 1925 praecipuus
2178 1870 2360 1909 eorum
2397 1869 2529 1907 usus
2564 1854 2682 1907 erat
2715 1853 2771 1906 in
2809 1868 2893 1907 sa-

548 1921 651 1974 cris
690 1920 946 1975 faciendis
988 1921 1081 1988 (cf.
1117 1920 1271 1975 Varr.
1315 1921 1376 1974 1..
1416 1921 1479 1975 L.
1506 1921 1598 1986 IV,
1640 1871 1774 1985 ἑὼ
1831 1926 1929 1977 aut
1965 1921 2256 1977 secundum
2276 1919 2432 1975 Ovid.
2471 1920 2621 1974 Fast.
2647 1919 2747 1980 m,
2776 1923 2887 1974 733.

547 2004 580 2042 a
619 1986 809 2043 Libero
918 1991 1025 2052 tre,
1083 1989 1167 2042 cui
1199 1988 1432 2059 primum
1473 1989 1650 2043 offerri
1690 2006 1750 2045 co
1821 1993 1882 2043 ta
1916 1989 2026 2044 sint
2060 1990 2210 2056 (Ge0.
2249 1989 2327 2048 II.
2383 1991 2501 2042 394.
2542 1988 2673 2042 Hor.
2708 1987 2807 2058 Ep.
2844 1988 2889 2049 Ι,

554 2059 631 2116 10,
677 2060 753 2109 10.
790 2055 853 2110 ‘h
892 2056 991 2110 ull.
1024 2056 1067 2120 1,
1111 2060 1160 2118 8,
1198 2060 1278 2111 54.
1320 2057 1505 2111 luven.
1541 2056 1683 2118 XVI,
1731 2062 1760 2112 3
1802 2060 1856 2120 .).
1928 2058 2009 2112 De
2042 2057 2190 2111 vario
2224 2058 2407 2111 autem
2440 2055 2669 2110 liborum
2694 2071 2795 2109 usu
2819 2054 2890 2109 cf.

583 2139 680 2177 uos
716 2123 905 2178 laudat
941 2123 1137 2179 Obbar.
1173 2124 1241 2178 ad
1276 2124 1406 2179 Hor.
1447 2124 1545 2195 Ep.
1583 2125 1628 2185 Ι,
1674 2128 1751 2186 10,
1796 2128 1876 2179 11.
1903 2125 2057 2179 Fasc.
2098 2125 2163 2178 V.
2202 2141 2254 2194 p.
2293 2126 2376 2177 60.
2412 2154 2479 2164 -
2513 2124 2764 2179 Ceterum
2797 2139 2892 2192 pro

546 2140 678 2245 gae<-
723 2199 774 2245 τε
813 2191 929 2245 liba
961 2191 1121 2247 multi
1155 2191 1320 2246 codd.
1373 2193 1538 2246 etiam
1581 2191 1842 2247 Prisciani
1893 2210 1948 2263 p.
1998 2196 2113 2247 714.
2153 2191 2216 2247 Ρ.
2254 2193 2387 2245 hacc
2421 2190 2551 2244 tibi
2583 2191 2714 2252 Ζῶα,
2752 2190 2890 2260 quod

547 2259 730 2313 Burm.
760 2258 1043 2340 defendere
1068 2259 1282 2340 videtur
1305 2259 1422 2339 loco
1445 2259 1735 2340 Prop.111‚·
1757 2260 1894 2324 (IV)
1925 2265 1973 2322 3,
2001 2263 2084 2315 22.
2102 2260 2201 2341 Mi
2216 2267 2305 2313 sat
2323 2260 2428 2312 en}
2448 2276 2613 2312 saera
2668 2259 2896 2312 laudere

541 2344 880 2459 „maza
896 2327 2195 2476 22¹Pps325‘23523‘302ffi{crassas-
2220 2326 2551 2473 ..22‘1150235
2573 2342 2895 2448 ..w

548 2462 665 2518 loco
699 2478 992 2518 convenire.
1063 2462 1142 2518 De
1176 2462 1347 2518 Pria
1406 2482 1438 2519 ο
1454 2504 1466 2523 .
1511 2463 1734 2518 Veneris
1778 2465 1837 2519 et
1871 2463 2066 2519 Bacchi
2109 2465 2407 2517 monstroso
2434 2411 2580 2524 ‘inim
2619 2461 2893 2516 hortorum

549 2532 606 2586 et
641 2546 891 2600 agrorum
929 2531 1043 2586 deo.
1080 2531 1218 2592 vide,
1257 2531 1299 2586 si
1374 2548 1402 2586 e
1437 2532 1641 2602 origine
1683 2533 1740 2587 et
1779 2534 1980 2586 natura
2004 2528 2530 2602 quaeris‚Paus.IX,
2558 2533 2640 2591 31,
2664 2533 2710 2583 2.
2737 2529 2893 2584 Diod.

548 2598 650 2659 IV.
691 2602 738 2652 6.
776 2597 951 2653 Schol.
993 2600 1039 2652 A
1079 2598 1239 2653 ollon.
1276 2598 1445 2653 Rhod.
1485 2599 1527 2659 I,
1567 2603 1682 2654 932.
1726 2602 1781 2663 (a
1818 2600 2014 2669 quibus
2048 2603 2231 2653 tamen
2256 2597 2516 2652 differunt
2536 2597 2713 2652 Strab.
2741 2596 2894 2652 XIII.

591 2705 603 2718 .
651 2669 766 2720 587.
802 2666 979 2721 Schol.
1109 2683 1246 2721 eocr.
1282 2667 1335 2731 Ι,
1374 2669 1458 2720 21.
1496 2666 1547 2720 H
1584 2683 1638 2736 g.
1679 2666 1791 2721 fab.
1834 2670 1947 2722 160.
1982 2666 2125 2733 alii),
2174 2666 2238 2720 de
2271 2666 2447 2720 forma
2481 2665 2608 2720 Geo.
2648 2664 2744 2725 IV,
2785 2668 2895 2719 110.

607 2750 682 2788 or.
720 2733 832 2788 Sat.
872 2734 918 2796 Ι,
960 2737 1007 2789 8.
1050 2734 1121 2788 in.
1163 2731 1317 2788 Ovid.
1355 2734 1504 2788 Fast.
1571 2774 1583 2793 .
1622 2738 1739 2789 415.
1777 2733 1977 2790 Tibull.
2016 2735 2061 2795 1,
2106 2737 2151 2787 1.
2192 2737 2274 2788 22.
2309 2733 2355 2794 1,
2396 2737 2446 2794 4,
2492 2737 2537 2787 1.
2575 2735 2623 2788 8.
2665 2735 2720 2786 et
2745 2731 2896 2786 Pria·

592 2802 674 2856 eia
709 2801 898 2855 multis
933 2801 1091 2861 locis,
1145 2800 1212 2855 de
1248 2801 1399 2856 cultu
1434 2801 1656 2856 Anthol.
1695 2801 1814 2856 Pal.
1854 2801 1958 2863 VI,
2002 2805 2114 2856 102.
2150 2801 2226 2863 X,
2269 2803 2344 2854 14.
2380 2798 2554 2854 Schol.
2594 2798 2812 2854 Theocr.
2853 2799 2896 2859 Ι,

588 2873 631 2923 1.
669 2869 819 2924 Ovid.
859 2868 1012 2924 Fast.
1056 2869 1158 2931 VI,
1197 2872 1313 2923 345.
1349 2869 1447 2923 Cal
1486 2885 1603 2923 urn.
1640 2869 1756 2924 Ecl.
1788 2869 1873 2931 11,
1920 2873 2000 2924 64.
2039 2869 2343 2938 multosque
2376 2866 2538 2929 alios,
2580 2868 2897 2937 omninoque

529 2937 701 2991 -Voss,
738 2936 978 3007 mythol.
1016 2937 1218 3007 Briefe
1250 2936 1323 2991 11.
1360 2954 1410 3006 p.
1448 2886 1549 2990 346
1586 2953 1703 3007 sqq.
1726 2937 1867 2991 Hirt.
1907 2936 2359 3007 MythAEilderb.
2398 2951 2449 3005 p.
2491 2936 2604 2989 172.
2628 2935 2842 2989 Hartun
2885 2979 2894 2989 .

550 3004 676 3058 Rcl.
713 3007 769 3058 (l.
813 3005 974 3058 Rom.
1014 3004 1085 3058 11.
1126 3022 1179 3074 p.
1217 3007 1313 3058 257
1340 3021 1456 3074 sqq.
1496 3003 1606 3058 alii.
1642 3035 1710 3045 —
1744 3003 1838 3064 34.
1878 3003 2302 3076 Exspectare
2339 3010 2450 3056 sat
2483 3009 2615 3056 cst.-
2647 3018 2753 3057 non
2778 3019 2845 3072 po

549 3089 607 3127 es
644 3072 846 3126 maiora
879 3071 1021 3126 dona
1054 3089 1088 3126 a
1121 3087 1205 3126 me
1241 3088 1331 3125 exs
1370 3075 1573 3129 ectare:
1612 3071 1748 3125 satis
1768 3075 1871 3134 est,
1911 3071 2043 3127 haec
2068 3072 2171 3125 tibi
2204 3087 2237 3125 a
2269 3086 2355 3124 me
2382 3070 2669 3140 quotannis
2700 3070 2893 3125 offerri.

551 3138 719 3208 Heyn.
759 3142 1036 3209 comparat
1068 3139 1297 3194 similem
1332 3089 1533 3219 thulli
1570 3138 1747 3193 locum
1793 3140 1847 3220 I²
1899 3143 1958 3201 1,
2012 3143 2074 3193 19
2110 3155 2225 3209 sqq.
2265 3138 2518 3218 Ceterum
2553 3137 2807 3192 Ribbeck.
2845 3141 2899 3192 et

552 3207 750 3277 Haupt.
794 3211 984 3261 contra
1014 3205 1173 3263 Med..
1210 3206 1402 3260 Veron.
1439 3205 1667 3261 aliorum
1705 3223 1772 3261 ue
1805 3206 2068 3261 hbrorum
2106 3208 2485 3262 auctoritatem
2529 3206 2773 3260 scribunt
2808 3222 2895 3259 cs·

591 3283 782 3329 couvre.
819 3275 903 3328 Cf.
936 3274 1125 3344 Wagn.
1164 3273 1317 3329 Orth.
1346 3274 1505 3343 Vei-g.
1544 3291 1594 3344 p.
1635 3278 1663 3328 4
1703 3277 1752 3327 6.
1789 3308 1855 3315 —-
1894 3271 1985 3334 35.
2025 3275 2158 3329 Cum
2196 3275 2322 3328 ante
2359 3272 2425 3328 de
2454 3274 2776 3342 paupertate
2801 3290 2898 3328 sua

599 3341 773 3412 byrsis
812 3341 1025 3396 locutus
1069 3342 1158 3403 sit,
1196 3340 1327 3395 baec
1360 3340 1559 3396 festiva
1593 3344 1806 3397 tantum
1842 3343 2013 3396 ironia
2050 3342 2152 3396 dici
2186 3342 2240 3394 in
2267 3344 2519 3410 promptu
2555 3344 2652 3395 est.
2714 3339 2897 3410 Priapi

553 3410 693 3465 enim
752 3412 967 3464 statuae
1011 3409 1220 3479 ligneae
1272 3425 1386 3464 esse
1433 3410 1695 3464 solebant.
1766 3408 2042 3464 Eiusmodi
2092 3409 2262 3478 igitur
2310 3411 2575 3471 statuam,
2638 3407 2896 3463 cavillans

555 3476 846 3546 Corydonis
879 3493 1235 3531 marmoreum
1272 3476 1637 3537 simulacrum,
1673 3477 1895 3546 Thyrsis
1922 3492 2276 3532 marmoream
2297 3494 2426 3547 pro
2452 3483 2742 3598 tcmfiowrc
2766 3476 2822 3539 (i.
2850 3493 2893 3530 e.

549 3548 616 3599 ut
647 3550 862 3614 tempus
889 3548 944 3598 et
967 3561 1053 3600 res
1088 3544 1312 3607 ferebat,
1356 3545 1416 3598 ἐκ
1458 3550 1572 3599 τῶι·
1602 3563 1684 3597 πα
1720 3543 1920 3609 όντων,
1963 3543 2358 3612 ὑπαρχόντων)
2391 3542 2539 3597 dicit.
2691 3543 2899 3598 tissime

551 3613 690 3668 enim
724 3611 935 3667 Peerlk.
987 3630 1039 3682 p.
1083 3615 1164 3666 33.
1203 3613 1279 3665 sic
1318 3611 1579 3681 explicat:
1656 3651 1688 3674 ‚‚
1747 3629 1805 3666 os
1840 3614 1897 3667 te
1931 3628 2073 3666 nunc
2108 3612 2333 3667 fecimus
2368 3628 2428 3665 ex
2465 3610 2566 3665 tali
2611 3627 2891 3669 marmore.

550 3679 707 3752 quale
746 3682 1084 3761 res-nostrae
1123 3682 1177 3734 et
1212 3683 1428 3749 tempus
1465 3680 1729 3760 ferebant,
1766 3679 1869 3734 hoc
1893 3682 1980 3760 est
2003 3697 2067 3734 ex
2091 3678 2139 3732 lr'
2209 3698 2285 3800 ‘dd
2320 3682 2568 3733 nostrum
2592 3678 2726 3733 illud
2755 3694 2897 3759 mar·

551 3765 683 3872 332³.
706 3747 1306 3894 ‘31⁸31.¹32÷'.J²‚¹¹¹¹¹”·.4‘.2'¹33
1329 3747 2534 3885 ssfflfflfflfflmssfflffi.
2529 3762 2898 3894 ffirffiffiss

554 3883 841 3938 ridiculum
877 3886 1037 3937 aucta
1109 3899 1256 3953 napo
1302 3886 1494 3936 voveat
1509 3922 1522 3943 ‚
1580 3899 1744 3953 quare
1789 3883 1921 3938 adeo
1967 3899 2017 3937 r.
2057 3880 2149 3942 86.
2184 3899 2384 3935 merem
2421 3889 2548 3935 esto.
2642 3882 2898 3937 Imitatus

552 3955 633 4007 est
657 3950 799 4004 hunc
832 3950 1007 4003 locum
1047 3958 1223 4020 (quem
1263 3951 1427 4003 etiam
1467 3949 1628 4004 Silius
1666 3950 1791 4011 VII,
1831 3954 1894 4004 82
1932 3967 2049 4021 sqq.
2086 3949 2341 4020 respexit)
2377 3949 2577 4003 Auson.
2613 3948 2795 4019 Epigr.
2831 3950 2894 4002 V.

554 4020 715 4073 Nunc
748 4026 799 4072 tc
833 4034 1197 4071 mamoreum
1223 4036 1335 4088 pro
1365 4026 1583 4088 simpla
1621 4020 1871 4083 fecimus,
1910 4026 1971 4071 at
2004 4037 2122 4072 ωιτη
2155 4019 2434 4085 Anqustns
2500 4026 2651 4072 mter
2692 4034 2897 4072 renua-

552 4089 701 4140 verit.
738 4102 942 4139 aureus
977 4094 1102 4139 estc.
1164 4085 1410 4139 Gebauer
1446 4086 1490 4138 Ι.
1528 4102 1582 4155 p.
1629 4089 1745 4139 238.
1786 4088 2060 4156 comparat
2094 4085 2312 4139 Theocr.
2349 4085 2428 4139 Id.
2528 4123 2542 4149 ,
2590 4088 2671 4138 33.
2708 4086 2764 4139 et
2797 4085 2841 4139 E
2883 4127 2895 4139 .

551 4153 722 4209 XVII.
760 4156 809 4207 3.
847 4156 904 4207 et
937 4152 1054 4217 XX,
1093 4158 1138 4207 6.
1181 4185 1246 4193 -
1286 4151 1377 4212 87.
1418 4170 1532 4223 sqq.
1569 4152 1817 4208 Gebauer
1850 4152 1891 4208 l.
1931 4154 1965 4208 l.
2020 4171 2083 4208 ex
2127 4152 2257 4207 locis
2293 4151 2511 4208 Tbeocr.
2545 4152 2642 4213 XI,
2683 4156 2844 4208 19—2
2883 4195 2896 4208 .

550 4226 632 4276 42.
675 4225 731 4276 et
765 4224 847 4275 63.
887 4236 1003 4274 com
1102 4220 1203 4273 ‘tos
1229 4221 1544 4275 arbitratur.
1598 4220 1890 4282 „Nerine
1922 4220 2236 4276 Galate-a.
2285 4220 2444 4274 Nerei
2470 4221 2526 4274 et
2545 4219 2760 4274 Doridis
2785 4220 2900 4276 fllia

553 4289 656 4343 fuit
679 4288 730 4343 N
766 4288 932 4358 mpha
964 4237 1321 4349 ufffflmarinQ
1359 4305 1392 4342 a
1416 4287 1747 4359 Polyphemo
1787 4288 2058 4350 adamata,
2098 4304 2260 4358 quam
2298 4291 2481 4342 tamen
2517 4287 2603 4342 hic
2634 4287 2896 4358 Corydon,

552 4356 730 4426 Nymp
770 4372 858 4411 am
892 4361 1097 4426 pastor,
1132 4360 1409 4426 tamquam
1447 4373 1597 4410 suam
1623 4357 1869 4417 amicam,
1910 4359 1973 4411 ut
1997 4357 2202 4427 vesperi
2222 4355 2291 4410 ad
2319 4371 2377 4409 se
2401 4356 2598 4418 veniat,
2637 4356 2894 4427 appellat.

553 4423 767 4478 Scilicet
790 4429 953 4493 poeta
971 4426 1186 4479 tantum
1209 4424 1262 4478 in
1286 4423 1385 4477 hoc
1409 4422 1722 4487 elaboravit,
1752 4427 1817 4478 ut
1844 4423 2213 4479 Theocriteum
2244 4438 2458 4478 carmen
2476 4439 2503 4477 e
2574 4423 2790 4478 rimeret
2814 4423 2895 4479 Id.

552 4490 652 4549 XI,
691 4495 749 4545 19
788 4509 814 4544 s
856 4530 891 4553 .,
926 4496 993 4545 ut
1015 4492 1177 4545 etiam
1202 4491 1331 4545 fecit
1360 4490 1472 4545 Ecl.
1500 4491 1595 4552 lx,
1634 4495 1698 4545 39
1726 4510 1752 4543 s
1792 4500 1865 4545 .“.
1905 4493 2082 4561 Heyn.
2110 4491 2193 4545 Cf.
2214 4490 2461 4546 Gebauer
2483 4490 2522 4544 1.
2570 4533 2580 4544 .
2617 4491 2697 4545 De
2720 4490 2894 4546 Sicula

553 4508 1018 4612 Galateaeciabula
1041 4558 1110 4612 cf.
1132 4557 1349 4612 Hesiod.
1372 4556 1571 4628 Theog.
1600 4560 1718 4612 250.
1830 4558 1900 4614 ·d.
1929 4560 2057 4614 Met.
2082 4558 2234 4619 xm,
2254 4561 2366 4612 738.
2395 4558 2571 4627 (Hom.
2598 4558 2664 4615 11.
2691 4558 2892 4619 XVIII,

554 4626 661 4681 45.)
696 4626 751 4678 et
784 4623 929 4678 Serv.
968 4624 1036 4678 ad
1068 4624 1121 4677 h.
1160 4624 1196 4679 1„
1232 4624 1437 4679 Graeca
1472 4625 1646 4679 forma
1663 4625 1874 4681 Nerine
1908 4642 2006 4695 pro
2028 4625 2257 4682 Nereide
2280 4642 2388 4680 non
2414 4626 2517 4681 nisi
2544 4625 2784 4680 hocloco
2818 4626 2895 4680 vi-
