3616 5026
1515 206 2043 277 GEORGICON
2081 208 2249 276 LIB.
2294 206 2377 275 Π.
2587 238 2597 249 ·
2964 215 3086 278 349

757 372 1069 440 Caeditur
1114 384 1179 438 et
1215 384 1471 442 veteres
1513 378 1737 443 ineunt
1780 378 2167 465 proscaenia
2207 376 2367 461 ludi,

755 456 1186 546 Praemiaque
1226 458 1508 545 ingeniis
1552 482 1759 547 pagos
1807 471 1871 526 et
1910 483 2056 526 com
2103 461 2197 526 ita
2238 463 2480 526 circum

755 539 1083 606 Thesidae
1118 564 1395 628 posuere
1437 555 1631 630 atque
1671 546 1841 610 inter
1884 566 2010 631 poc
2080 566 2122 608 a
2163 543 2318 609 laeti

750 622 1059 690 Mollibus
1100 626 1171 689 in
1213 629 1420 713 pratis
1463 636 1693 693 unetos
1737 627 1988 694 saluere
2029 650 2148 714 per
2189 638 2381 694 utres.

756 707 895 772 Nee
935 730 1069 773 non
1104 708 1399 794 Ausonii,
1444 710 1649 777 Troia
1689 734 1848 798 gens
1885 712 2106 796 missa,
2150 711 2360 778 coloni
2986 720 3087 772 385

752 922 965 986 (Horat.
990 923 1113 979 Art.
1139 927 1257 979 220.
1297 927 1540 981 carmine
1574 928 1675 997 qui
1705 928 1917 995 tragico
1954 927 2117 981 vaem
2149 926 2382 981 certavit
2413 928 2483 981 ob
2518 926 2743 980 hircum.
2779 924 2864 981 cf.
2884 924 3086 980 Tibull.

753 991 827 1054 11,
873 996 916 1053 1,
955 995 1039 1047 55.
1083 995 1140 1047 et
1175 993 1249 1048 ibi
1284 997 1444 1060 not.);
1500 1010 1597 1049 nec
1629 1012 1733 1049 non
1768 994 2000 1048 hircinis
2033 994 2267 1064 pellibus
2298 1002 2447 1049 utres
2480 993 2639 1056 facti,
2701 994 2756 1048 in
2797 1011 2931 1064 quos
2975 992 3090 1048 oleo

752 1059 1003 1113 inunctos
1036 1060 1336 1116 adsih'rent.
1407 1063 1544 1117 Tum
1583 1062 1651 1116 ad
1690 1068 1937 1117 ornatum
1974 1063 2299 1132 captandum
2332 1062 2666 1132 exspatians,
2730 1062 2992 1131 quomodo
3027 1079 3090 1116 ex

755 1126 1082 1182 Graecorum
1118 1128 1230 1183 illis
1264 1131 1431 1185 sacris
1465 1130 1661 1184 Latina
1703 1131 1942 1185 eiusdem
1983 1130 2069 1185 dei
2117 1147 2269 1185 sacra
2317 1130 2592 1193 fluxerint,
2651 1134 2811 1199 poeta.
2860 1146 3089 1184 comme-

754 1198 990 1250 morat.“
1028 1195 1198 1251 Plura
1231 1197 1296 1252 de
1334 1197 1436 1252 hac
1471 1214 1527 1252 re
1561 1197 1663 1253 vid.
1700 1198 1844 1268 apud
1881 1199 2032 1252 Voss».
2071 1230 2134 1237 —
2177 1201 2468 1253 omnibus
2501 1198 2660 1253 aris.
2695 1197 2819 1252 Vid.
2852 1196 2922 1251 ad
2956 1199 3087 1252 Aen.

752 1262 852 1325 m,
897 1267 1011 1317 118.
1052 1295 1118 1304 —-
1151 1262 1278 1325 381.
1312 1273 1565 1321 veteres
1599 1268 1824 1321 ineunt
1856 1266 1913 1324 (ἰ.
1950 1283 1996 1321 e.
2035 1265 2292 1330 inierunt)
2322 1266 2732 1336 proscaenia
2765 1265 2935 1332 ludi,
2974 1265 3013 1319 i.
3043 1282 3087 1319 e.

753 1332 992 1400 antiquis
1027 1333 1358 1402 temporibus
1394 1333 1512 1389 ludi
1550 1335 1605 1388 in
1640 1350 1855 1390 scenam
1888 1333 2093 1388 inducti
2128 1337 2273 1388 sunt.
2327 1366 2392 1374 —
2443 1333 2844 1404 proscaenium,
2878 1332 3090 1403 proprie

754 1399 990 1453 anterior
1024 1416 1149 1469 pars
1182 1418 1394 1467 scenae,
1458 1404 1516 1456 in
1550 1419 1710 1473 quam
1747 1402 2037 1472 prodibant
2075 1405 2306 1462 actores.
2368 1402 2421 1456 h.
2470 1402 2507 1456 1.
2554 1402 2765 1455 omnino
2801 1419 2896 1472 pro
2931 1416 3093 1454 scena

753 1467 1007 1536 positum.
1051 1467 1173 1522 vid.
1211 1469 1364 1525 VosS.
1415 1470 1665 1525 Ceterum
1704 1487 1763 1525 ex
1801 1469 1946 1524 Med.
1981 1471 2304 1525 auctoritate
2339 1487 2462 1525 cum
2498 1469 2883 1525 recentissimis
2919 1468 3089 1523 edito-

754 1535 904 1589 ribus
954 1535 1146 1604 scripsi
1186 1540 1542 1608 proecaeuia.
1613 1538 1734 1592 vid.
1791 1539 1852 1592 W
1965 1579 1977 1591 .
2033 1537 2190 1592 Orth.
2237 1538 2397 1608 Verg.
2449 1557 2500 1619 p.
2539 1542 2653 1592 470.
2711 1540 2787 1604 (et
2832 1535 3087 1591 Ribbeck.

752 1601 966 1671 Proleg.
1060 1643 1073 1655 .
1112 1606 1210 1659 385
1248 1609 1350 1675 sq.)
1397 1636 1468 1646 —
1522 1602 1649 1665 382.
1686 1603 1818 1665 383.
1865 1647 1897 1669 ,,
1956 1609 2050 1659 ota
2083 1605 2149 1660 de
2186 1607 2359 1675 prima
2394 1624 2469 1661 rei
2501 1605 2738 1661 scenicae
2774 1605 2977 1673 origine
3009 1605 3091 1657 fa·

754 1669 886 1724 bula
919 1669 995 1736 (vi
1038 1711 1051 1723 .
1087 1670 1218 1726 Hor.
1258 1674 1373 1728 Art.
1411 1677 1510 1726 275
1549 1691 1576 1726 s
1616 1675 1678 1740 .);
1741 1690 1876 1743 quae
1911 1674 1980 1727 ad
2019 1674 2276 1744 Dionysia
2309 1674 2535 1736 ruralia,
2583 1675 2651 1728 τὰ
2695 1672 2815 1725 κατ’
2867 1672 3090 1742 ἀγροὺς,

752 1754 849 1807 per
892 1754 1087 1808 pagos,
1149 1741 1336 1810 utique
1378 1691 1639 1810 pertine‘l;
1697 1758 1725 1796 e
1767 1758 1994 1811 quorum
2027 1758 2219 1809 genere
2257 1759 2379 1796 cum
2412 1743 2482 1796 ab
2520 1742 2674 1795 initio
2708 1743 2888 1795 essent
2928 1739 2997 1793 τὰ
3031 1739 3092 1791 ἐν

751 1811 1033 1876 Λίμναις,
1088 1824 1134 1859 s.
1184 1809 1406 1862 Lenaea
1450 1807 1681 1874 (diversa
1724 1810 1939 1879 quidem
1982 1813 2039 1863 et
2081 1809 2212 1864 haec
2255 1829 2290 1863 α
2339 1810 2632 1880 Dionysia
2678 1808 2929 1875 urbanis,
2995 1822 3090 1859 seu

750 1874 1103 1940 maioribus),
1149 1877 1324 1930 auctis
1359 1880 1541 1931 tamen
1578 1877 1728 1931 urbis
1766 1878 1980 1947 opibuS,
2028 1892 2092 1931 ea
2130 1878 2468 1948 praeeipuam
2502 1877 2869 1932 celebritatem
2908 1891 3091 1931 conse-

754 1946 881 1996 cuta
917 1948 1071 2007 sunt,
1134 1946 1200 1996 ut
1233 1944 1444 1999 diversa
1477 1944 1636 2015 plane
1672 1946 1741 1998 ab
1777 1946 2047 2000 ruralibus
2088 1944 2337 2000 habenda
2375 1946 2539 2000 sint.“
2597 1945 2775 2013 Heyn.
2836 1975 2902 1983 —
2958 1940 3090 2002 383·

752 2010 1067 2064 Praemia
1090 2040 1112 2050 -
1138 2040 1163 2052 -
1236 2030 1490 2080 cauere,
1545 2030 1641 2082 pro
1675 2015 1912 2083 praemio
1943 2013 2151 2067 hircum
2186 2017 2593 2084 proposuerunt.
2653 2012 2737 2067 Cf.
2773 2013 2938 2066 etiam
2972 2009 3090 2064 Eel.

754 2076 986 2158 1112353.
1041 2080 1100 2132 et
1142 2030 1355 2135 szratii
1406 2080 1558 2135 locus
1607 2097 1772 2150 supra
1821 2081 1890 2136 ad
1944 2098 1993 2133 v.
2032 2084 2146 2160 380.
2201 2082 2418 2136 allatus.
2476 2110 2542 2118 ——
2597 2080 2890 2161 §nqeaiie
2945 2078 3091 2159 (i.·e.

753 2144 1058 2225 hominibus
1108 2146 1399 2216 ingeniosis
1451 2152 1508 2202 et
1559 2147 1646 2203 hic
1699 2149 1916 2228 quidem
1974 2151 2168 2217 poetis)
2268 2167 2323 2202 ro
2376 2148 2523 2218 vulg.
2582 2156 2813 2228 angentis
2864 2146 2951 2227 vel
3006 2165 3092 2199 zn-

788 2221 932 2292 entee
969 2230 1079 2268 iam
1114 2214 1298 2269 Burm.
1345 2232 1407 2271 ex
1441 2216 1594 2272 Rom.
1643 2216 1868 2288 aliisque
1914 2217 2064 2271 bonis
2101 2167 2268 2270 Codd'.
2305 2218 2360 2271 et
2393 2215 2749 2295 Phylargyrio
2794 2229 2906 2295 <qui
2942 2214 3091 2334 vulg.

775 2281 970 2334 ectioni
1016 2280 1194 2337 addit:
1253 2283 1518 2354 „quidam
1563 2284 1754 2354 legunt
1802 2285 2093 2352 inqeniie,“
2149 2284 2288 2354 quod
2336 2293 2498 2339 etiam
2544 2286 2769 2355 apparet
2820 2301 2876 2336 m
2910 2281 3047 2337 Scho
3074 2322 3088 2335 .

754 2347 911 2402 Bern.
958 2366 1013 2419 p.
1056 2353 1168 2404 196.
1227 2351 1508 2414 Ribbeck.)
1562 2369 1679 2408 rece
1716 2353 1776 2407 it.
1847 2341 1926 2407 De
1979 2351 2167 2407 iisdem
2223 2352 2492 2407 vocabulis
2537 2353 2589 2406 in
2633 2352 2801 2407 codd.
2855 2351 3091 2406 confusis

754 2415 860 2471 vid.
908 2415 1137 2472 Gronov.
1192 2419 1260 2473 ad
1309 2420 1433 2474 Val.
1477 2420 1619 2475 Max.
1706 2463 1719 2486 ,
1763 2425 1808 2475 7.
1851 2426 1955 2475 ext.
1993 2425 2043 2475 4.
2118 2421 2299 2475 Heius,
2350 2419 2419 2475 ad
2461 2420 2651 2475 Silium
2697 2419 2850 2482 XVI,
2889 2424 2974 2473 46.
3035 2422 3092 2472 et

752 2483 958 2540 Wakef.
994 2484 1063 2539 ad
1097 2485 1255 2542 Lucr.
1289 2488 1362 2551 11,
1405 2493 1504 2551 11.,
1542 2488 1635 2544 ubi
1670 2499 1880 2545 certare
1921 2490 2138 2557 inqenio
2173 2488 2390 2557 legitur.
2427 2488 2680 2544 Ribbeck.
2717 2493 2898 2544 autem
2935 2487 3092 2543 resti-

755 2554 865 2606 tuit
894 2552 1177 2609 lectionem
1213 2555 1346 2610 Cod.
1382 2556 1526 2611 Med.
1567 2557 1924 2638 aliorumque,
1981 2557 2202 2611 Acronis
2250 2556 2320 2611 ad
2352 2557 2481 2611 Hor.
2520 2557 2620 2612 od.
2655 2557 2757 2619 111,
2802 2561 2880 2621 18,
2923 2560 3001 2610 11.
3038 2558 3095 2609 et

753 2621 923 2675 Prisc.
957 2638 1007 2692 p.
1046 2626 1162 2678 583.
1200 2622 1424 2680 Putsch.
1464 2624 1675 2679 divisim
1714 2631 1971 2695 scriptam
2007 2627 2064 2679 in
2096 2626 2285 2693 gentis,
2324 2641 2458 2695 quae
2494 2625 2627 2679 mihi
2646 2624 2820 2679 altera
2843 2641 2878 2678 a
2900 2623 3091 2678 ceteris

755 2689 1142 2744 recentioribus
1180 2691 1475 2747 editoribus
1510 2694 1791 2747 nobiscum
1827 2695 2041 2762 recepta
2072 2692 2381 2762 languidior
2415 2692 2642 2747 videtur.
2684 2724 2751 2733 —-
2785 2709 3002 2772 pagos
3036 2698 3096 2744 et

754 2757 1042 2827 compita
1075 2759 1355 2828 civ-cmm
1407 2765 1596 2829 poetae
1634 2762 1774 2815 enim
1799 2762 1992 2815 scenici
2017 2761 2404 2830 antiquissimis
2433 2760 2763 2830 temporibus
2787 2776 2900 2814 ruri
2925 2775 3092 2829 pagos

757 2824 1115 2879 circumibant
1149 2830 1204 2881 et
1238 2828 1293 2880 in
1333 2828 1582 2897 compitis
1612 2829 1863 2899 plaustra
1883 2829 2215 2891 statuebant,
2290 2829 2450 2882 uibus
2473 2845 2568 2898 pro
2595 2844 2754 2882 scena
2776 2828 3088 2882 utebantur.

754 2891 833 2947 De
869 2892 1119 2962 Praepos.
1157 2895 1361 2949 circam
1394 2895 1562 2950 Casui
1600 2913 1695 2951 suo
1729 2898 2031 2976 postposita
2063 2896 2172 2951 vid.
2210 2912 2244 2950 a
2282 2900 2426 2952 nott.
2463 2895 2532 2949 ad
2566 2897 2697 2951 Aen.
2732 2896 2777 2959 Ι,
2817 2897 2899 2949 32.
2938 2894 3093 2949 Cete-

754 2976 874 3013 rum
911 2960 981 3014 cf.
1018 2961 1275 3030 Calpurn.
1310 2963 1403 3027 IV,
1447 2967 1559 3018 126.
1601 2965 1712 3026 Qui
1732 2967 1890 3034 facit
1923 2966 2167 3034 eqreqios
2201 2967 2281 3018 ad
2304 2965 2506 3035 pervia
2540 2963 2780 3033 compita
2817 2963 2997 3017 ludos.
3026 2993 3092 3001 —

758 3028 1088 3082 Thesidae
1112 3046 1217 3150 lpro
1239 3030 1674 3097 AtheniensibuS,
1712 3033 1792 3087 ita
1827 3050 1860 3087 a
1885 3032 2103 3095 Theseo,
2141 3032 2471 3086 nobilissimo
2489 3031 2706 3086 Atticae
2726 3047 2870 3110 rege,
2911 3029 3090 3091 dictis,

792 3098 969 3150 raeter
1010 3094 1067 3149 h.
1195 3098 1340 3167 apud
1382 3099 1606 3154 Latinos
1650 3101 1935 3170 scriptores
1979 3116 2245 3170 nusquam
2286 3099 2396 3169 legi
2440 3099 2670 3154 videtur.
2741 3098 2866 3153 v1d.
2911 3101 3093 3152 autem

826 3162 917 3231 ph.
956 3162 1086 3218 Oed.
1126 3164 1239 3219 Col.
1282 3170 1425 3221 1067.
1463 3170 1521 3222 et
1552 3168 1742 3223 Aesch.
1793 3168 1943 3223 Eum.
1988 3172 2103 3223 462.
2151 3182 2203 3233 (a
2248 3168 2498 3236 Coningt.
2542 3166 2736 3235 laud),
2789 3166 2882 3221 ubi
2925 3165 3093 3220 Athe-

754 3230 966 3286 nienses
1007 3233 1289 3297 Θησεῖδαι
1323 3238 1379 3289 et
1417 3238 1645 3302 Θήσεως
1680 3240 1834 3290 τόκοι
1865 3252 1899 3290 a
1934 3236 2224 3307 pellantur.
2282 3268 2347 3276 —-
2405 3238 2578 3288 inter
2604 3234 2858 3304 poeula
2891 3233 3095 3313 legitur

754 3299 921 3353 etiam
953 3315 1038 3368 ap.
1075 3299 1321 3380 Persium
1354 3302 1397 3367 1,
1439 3308 1540 3365 30.,
1578 3306 1640 3357 ut
1674 3320 1756 3374 ap.
1796 3254 2021 3358 eundem
2054 3304 2156 3367 ΙΠ,
2197 3307 2306 3357 100.
2345 3305 2485 3357 inter
2519 3303 2651 3356 vina
2688 3308 2747 3356 et
2779 3319 2862 3371 ap.
2892 3302 3000 3356 Cic.
3027 3301 3094 3354 de

755 3365 875 3421 Sen.
931 3370 1009 3431 14,
1056 3370 1140 3422 46.
1189 3387 1247 3420 m
1288 3371 1512 3441 poculis
1553 3374 1706 3441 (quos
1758 3372 1901 3425 locos
1945 3371 2247 3440 Conington
2301 3388 2418 3425 com
2517 3373 2616 3433 at.)
2685 3370 2861 3424 Verba
2911 3372 3093 3423 autem

753 3435 898 3487 inter
979 3434 1145 3489 ocula
1184 3437 1321 3490 laeti
1362 3439 1633 3493 iterantur
1676 3439 1731 3492 in
1772 3438 1936 3493 Anth.
1983 3439 2104 3493 Lat.
2149 3439 2331 3492 Burm.
2468 3479 2480 3500 ,
2528 3442 2609 3497 81.
2661 3441 2741 3492 88.
2816 3467 2885 3476 —
2960 3434 3091 3497 884.

740 3501 3092 3644 {secessasemm?:422222252ffi322311effessius.

756 3637 989 3708 repletos
1024 3642 1081 3694 et
1114 3638 1229 3694 oleo
1264 3644 1473 3704 unctos,
1519 3646 1576 3696 et
1612 3643 1702 3722 qui
1736 3659 1842 3697 non
1875 3642 2065 3697 labans
2101 3658 2165 3696 su
2204 3659 2260 3697 er
2295 3646 2416 3697 utre
2449 3642 2783 3698 consisteret.
2828 3641 2877 3693 is
2914 3643 3092 3694 utrem

755 3708 813 3760 et
843 3706 1028 3760 vinum
1067 3708 1291 3776 praemii
1324 3708 1441 3763 loco
1476 3710 1787 3781 accipiebat.
1860 3711 1942 3765 Cf.
1987 3710 2163 3780 Hesyc
2205 3755 2215 3765 .
2261 3727 2309 3765 v.
2352 3710 2648 3776 Ἀσκώλια,
2699 3707 2876 3763 Schol.
2924 3708 3090 3762 Arist.

754 3773 903 3828 Plut.
952 3778 1097 3829 1130.
1142 3775 1219 3830 ibi
1259 3792 1323 3831 ue
1371 3777 1676 3833 Hemsterh.
1721 3777 1912 3833 Pollux
1952 3778 2048 3841 IX,
2097 3782 2208 3832 121.
2270 3778 2476 3832 Corsini
2520 3778 2670 3832 Fast.
2715 3778 2829 3831 Att.
2877 3791 2930 3845 p.
2976 3779 3089 3831 309.

755 3841 1002 3898 Schneid.
1038 3844 1151 3898 Au.
1244 3844 1601 3900 beaterweeen
1636 3864 1687 3916 p.
1729 3852 1807 3902 50.
1847 3846 2122 3901 Hermann
2158 3845 2402 3900 Gotteed.
2429 3847 2483 3901 d.
2511 3845 2625 3900 Au.
2652 3862 2702 3914 p.
2740 3849 2818 3898 57.
2856 3846 2915 3898 et
2939 3843 3091 3898 Iahn.

757 3911 813 3963 in
851 3910 1150 3966 Archaeol.
1191 3913 1314 3981 th.
1363 3916 1509 3968 1847.
1549 3931 1599 3969 n.
1639 3920 1685 3969 9.
1723 3945 1785 3955 —
1821 3913 2060 3968 mollia
2084 3922 2291 3984 prata
2326 3915 2455 3967 sunt
2486 3913 2707 3968 Homeri
2737 3912 2857 3981 (Οά.
2894 3911 2959 3977 V,
2989 3916 3092 3977 72.)

754 3982 1059 4048 Λειμῶνες
1093 3983 1351 4047 μαλακοί.
1393 3982 1474 4036 cf.
1515 3982 1768 4050 Calpurn.
1808 3982 1871 4044 V,
1913 3987 1990 4037 15.
2020 3983 2210 4052 pratis
2243 3990 2487 4036 mantes
2516 3981 2775 4036 mollibus
2989 4025 2998 4034 .
3029 4013 3091 4021 -—

756 4045 1019 4101 saluere
1055 4047 1200 4115 prior
1235 4052 1320 4103 est
1340 4049 1566 4103 Medicei
1600 4054 1657 4105 et
1696 4050 1924 4104 aliorum
1946 4049 2206 4104 librorum
2229 4049 2405 4113 lectio,
2435 4066 2612 4119 quam,
2639 4049 2904 4118 Wagnero
2930 4050 3090 4109 teste,

757 4114 922 4167 etiam
956 4114 1292 4180 Terentiam,
1338 4116 1480 4171 hunc
1524 4134 1599 4172 vs.
1652 4117 1913 4175 afferenti.
1966 4119 2207 4173 restituit
2248 4119 2462 4173 Santen.
2509 4134 2560 4187 p.
2608 4122 2718 4179 47.;
2777 4116 2869 4170 alii
2923 4115 3092 4170 Codd.

755 4181 975 4236 saliere.
1045 4181 1128 4237 De
1170 4184 1467 4254 antiquiore
1513 4185 1612 4240 illa
1644 4185 1877 4241 Perfecti
1913 4187 2119 4249 forma,
2182 4202 2343 4267 quam
2379 4186 2431 4240 h.
2467 4185 2503 4241 l.
2542 4185 2849 4240 Priscianus
2883 4200 3094 4264 quoque

757 4248 824 4311 X,
865 4255 914 4312 9,
953 4253 1033 4306 51.
1072 4260 1143 4320 (p.
1184 4255 1298 4306 906.
1336 4251 1420 4311 Ρ.)
1461 4254 1517 4307 in
1555 4254 1878 4325 quibusdam
1911 4254 2065 4308 libris
2104 4269 2160 4308 se
2202 4254 2464 4308 invenisse
2509 4257 2750 4308 testatur
2790 4252 2880 4317 (cf.
2925 4254 3092 4307 etiam

757 4315 1013 4372 Ribbeck.
1052 4319 1109 4372 in
1144 4318 1356 4389 Proleg.
1394 4338 1446 4390 p.
1490 4325 1648 4387 149),
1709 4325 1765 4376 et
1799 4324 1906 4376 iam
1943 4322 2090 4376 Serv.
2126 4324 2337 4387 tuetur,
2392 4320 2461 4376 ad
2503 4322 2635 4376 Aen.
2671 4321 2773 4383 ΙΙΙ,
2811 4323 2929 4374 416.
2962 4319 3092 4374 haec

758 4383 1051 4440 adnotans:
1120 4387 1296 4449 „Hinc
1344 4395 1594 4458 apparet,
1654 4390 1789 4445 bene
1833 4391 2061 4445 dictum:
2118 4399 2308 4445 unctos
2346 4389 2563 4444 saluere
2603 4407 2712 4461 per
2755 4390 2970 4455 utreef‘
3020 4388 3092 4442 cf.

759 4453 923 4507 etiam
968 4453 1207 4510 Diomed.
1251 4457 1293 4511 1.
1343 4475 1398 4527 p.
1452 4460 1600 4512 371.:
1661 4457 1856 4513 Salio
1903 4459 2220 4528 Perfectum
2267 4458 2493 4513 maviue
2547 4458 2835 4512 enunciari
2877 4458 3096 4511 videtur

759 4521 954 4588 salii,
990 4540 1156 4591 quam
1192 4525 1436 4592 saliva}
1470 4528 1570 4579 eed
1594 4526 1855 4596 plerique
1886 4534 2084 4582 vetere-s
2115 4527 2299 4580 salui
2328 4527 2599 4581 «lacerum.
2636 4527 2724 4582 Sic
2757 4523 2908 4581 Ovid.
2940 4525 3090 4580 Fast.

759 4586 850 4653 IV,
888 4592 1005 4644 805.
1054 4589 1169 4646 Per
1195 4592 1457 4660 flammae
1487 4594 1718 4651 saleim
1743 4612 1931 4665 pecus,
1963 4595 2194 4651 salmoe
2228 4594 2468 4652 colonos.
2510 4626 2576 4636 —
2620 4591 2931 4657 385-389·
2969 4595 3092 4647 Au·
