3616 5026
1423 179 1953 250 GEORGICON
1992 181 2160 249 LIB.
2203 183 2251 248 I.
2886 188 3002 250 241

676 343 809 409 Ter
855 355 1005 410 sunt
1046 347 1261 411 conati
1304 347 1615 434 inponere
1651 347 1832 414 Pelio
1878 348 2115 415 Ossam

673 426 937 493 Scilicet
980 438 1173 516 atque
1215 428 1426 496 Ossae
1469 430 1841 496 frondosum
1881 430 2217 498 involvere
2262 431 2652 520 Olympum3

674 510 807 575 Ter
846 510 1046 577 Pater
1091 521 1457 578 exstructos
1504 512 1757 580 disiecit
1797 515 2064 580 fulmine
2104 518 2355 581 montis.

679 593 990 681 Septuma
1030 604 1180 681 post
1224 595 1563 660 decumam
1605 596 1763 662 felix
1810 610 1874 663 et
1918 621 2157 684 ponere
2198 600 2397 665 vitem

670 676 759 741 Et
802 700 1074 764 prensos
1119 678 1437 744 domitare
1482 678 1680 745 boves
1723 691 1788 745 et
1828 680 1983 747 licia
2025 681 2192 746 telae
2904 694 3004 744 285

666 960 832 1017 Bach.
870 962 940 1017 ad
976 962 1130 1020 Ovid.
1168 965 1296 1019 Met.
1334 965 1460 1027 XV,
1504 970 1614 1021 121.
1650 966 1873 1021 Beneck.
1915 968 1984 1021 ad
2020 969 2212 1023 lustin.
2246 966 2527 1028 XXXVII,
2567 970 2623 1027 2,
2664 970 2709 1022 8.
2746 966 2900 1022 Iahn.
2937 966 3005 1021 ad

667 1029 821 1085 Ovid.
861 1030 1023 1086 Trist.
1064 1034 1136 1093 V,
1177 1037 1232 1095 3,
1278 1037 1359 1087 44.
1399 1034 1649 1089 Ruddim.
1693 1035 1762 1088 11.
1799 1053 1850 1104 p.
1890 1039 2002 1090 225.
2042 1039 2097 1090 et
2133 1054 2230 1091 nos
2265 1035 2332 1091 ad
2368 1037 2498 1090 Aen.
2536 1033 2579 1096 Ι,
2622 1040 2735 1090 527.
2773 1067 2841 1076 -
2873 1033 3003 1096 281.

672 1098 787 1159 „Ex
824 1097 1014 1167 Odyss,
1052 1100 1148 1161 XI,
1188 1104 1322 1161 314..
1364 1101 1509 1155 fonte
1544 1101 1703 1155 huius
1723 1102 1957 1165 fabulae,
2032 1119 2132 1158 uae
2153 1103 2274 1159 inde
2296 1108 2444 1163 nata,
2487 1102 2628 1171 quod
2654 1108 2806 1157 motu
2830 1107 3007 1158 terrae

674 1165 917 1220 oraviore
954 1167 1092 1222 Ossa
1128 1168 1197 1222 ab
1235 1168 1460 1238 Olympo
1499 1169 1709 1224 revulsa
1742 1172 1935 1225 fuerat.
2055 1172 2126 1225 id.
2167 1172 2343 1227 Strab.
2380 1171 2473 1224 IX.
2525 1187 2577 1239 p.
2622 1174 2776 1225 658.“
2823 1171 3004 1251 Heyn.

669 1209 920 1288 flumeris
957 1235 1117 1289 huius
1153 1253 1339 1292 versus
1368 1236 1692 1291 tardioribus
1729 1242 1785 1292 et
1818 1239 2176 1308 asperioribus
2213 1239 2517 1309 duplicique
2554 1237 2708 1292 hiatu
2733 1240 2807 1292 im
2846 1238 3006 1293 editis

668 1300 824 1355 labor
870 1302 1088 1357 illorum
1131 1304 1403 1359 hominum
1449 1322 1660 1360 summa
1705 1306 1756 1359 vi
1810 1307 2099 1361 nitentium
2153 1308 2352 1377 optime
2395 1306 2722 1376 depingitur.
2872 1307 3008 1360 tima

669 1369 882 1449 syllaba
914 1371 1143 1425 nominis
1173 1372 1363 1426 Pelio
1400 1374 1701 1442 corripitur,
1779 1374 1871 1428 uia
1904 1374 2085 1428 hiatus
2119 1374 2432 1429 admittitur
2465 1376 2522 1428 et
2555 1372 2767 1441 syllaba
2799 1374 2856 1427 in
2885 1374 3004 1427 the-

667 1453 752 1490 sin
790 1435 957 1491 cadit.
1030 1438 1166 1493 Vide
1202 1440 1414 1494 adnott.
1451 1440 1518 1494 ad
1554 1441 1667 1494 Ecl.
1765 1483 1776 1503 .
1818 1446 1899 1494 53.
1938 1473 2004 1483 --
2045 1443 2198 1497 Voss.
2235 1459 2263 1497 e
2297 1440 2472 1496 Schol.
2512 1441 2710 1510 Cruqu.
2747 1440 2878 1495 Hor.
2905 1441 3003 1497 Od.

667 1504 778 1567 111,
838 1509 896 1567 4,
960 1510 1042 1559 51.
1113 1507 1371 1562 Graecam
1413 1509 1612 1577 recepit
1660 1508 1886 1562 formam
1929 1510 2165 1569 Ossan,
2226 1524 2542 1580 comparans
2579 1508 2729 1564 Ovid.
2771 1508 2924 1563 Fast.
2960 1508 3003 1571 1,

668 1576 783 1625 307.
819 1577 876 1626 et
911 1573 1105 1627 Lucilii
1128 1575 1359 1629 Aetnam
1393 1579 1474 1631 49.
1548 1575 1667 1637 Sed,
1705 1577 1952 1645 quamvis
1974 1577 2244 1645 Vergilius
2279 1577 2553 1631 nominum
2588 1576 2916 1631 Graecorum
2950 1577 3004 1630 in

670 1656 735 1691 σε
767 1644 823 1693 et
857 1657 914 1693 es
949 1641 1305 1697 desinentium
1327 1644 1709 1698 Accusativum
1744 1644 1942 1712 ubique
1979 1645 2035 1698 in
2070 1664 2145 1698 an
2180 1648 2236 1699 et
2271 1663 2336 1698 en
2359 1646 2650 1699 terminare
2675 1643 2851 1698 soleat
2874 1643 3001 1707 (vid.

672 1705 882 1761 adnott.
932 1709 1000 1762 ad
1049 1709 1160 1764 Ecl.
1196 1711 1249 1773 Ι.
1288 1713 1420 1775 65.),
1456 1711 1543 1766 1110
1578 1714 1784 1767 tamen.
1832 1728 1952 1765 cum
1987 1712 2196 1766 librarii
2243 1713 2456 1766 omnino
2494 1711 2765 1782 proniores
2801 1711 3005 1766 fuerint

670 1772 739 1853 ad
774 1774 1025 1830 Latinam
1060 1779 1488 1833 terminationem
1517 1779 1573 1833 in
1596 1777 1856 1834 Graecam
1890 1781 2223 1845 mutandam,
2257 1796 2420 1849 quam
2452 1782 2656 1842 contra,
2698 1782 2883 1849 (quare
2920 1778 3007 1833 vel

668 1858 722 1895 111
759 1841 1015 1897 Romanis
1049 1846 1368 1909 0011111111)οε,
1413 1864 1462 1900 v.
1508 1863 1554 1900 e.
1600 1847 1740 1901 infra
1776 1863 1824 1899 v.
1862 1851 1978 1902 472.
2015 1848 2202 1903 Moret.
2237 1865 2317 1918 pr.
2355 1847 2545 1902 scribit
2584 1852 2826 1909 Aetnan,
2863 1847 2999 1901 Aen.

664 1908 731 1971 X,
772 1913 888 1964 561.
928 1911 1154 1967 Gudian.
1191 1914 1411 1975 Lucan,
1451 1916 1506 1967 et
1540 1931 1589 1968 v.
1628 1918 1742 1967 562.
1784 1914 1975 1969 Medic.
2017 1916 2277 1983 Numan),
2327 1915 2613 1969 Codicibus
2648 1915 2835 1968 invitis
2869 1913 3004 1967 nihil

666 1978 987 2033 mutandum
1031 1984 1179 2049 pute.
1248 1982 1501 2034 Ceterum
1546 1982 1610 2035 de
1657 1980 1742 2034 his
1787 1981 2094 2037 Thessaliae
2141 1983 2416 2037 montibus
2469 1992 2716 2051 (quorum
2757 1981 3005 2035 Pelion

667 2061 807 2099 nunc
844 2046 1129 2101 Ple-ssidlzi
1163 2065 1206 2101 S.
1246 2049 1500 2117 Zayora‚
1540 2051 1706 2103 Ossa
1741 2052 1926 2103 autem
1969 2050 2208 2104 Kissavo
2254 2053 2309 2104 et
2354 2050 2666 2120 Olympus
2708 2050 3004 2103 etiamnum

664 2112 905 2181 Ebymbo
972 2115 1300 2173 nominatur)
1349 2117 1415 2170 cf.
1464 2116 1600 2172 liber
1635 2133 1786 2170 meus
1819 2134 2002 2187 geogr.
2038 2118 2137 2172 111.
2174 2135 2228 2187 p.
2269 2122 2365 2171 855
2403 2134 2484 2186 sq.
2543 2149 2599 2157 —
2672 2112 2804 2176 282.
2865 2116 3005 2170 Sci·

667 2179 829 2233 licet
872 2180 961 2235 hic
1006 2198 1111 2235 non
1146 2188 1262 2238 tam
1297 2184 1495 2239 ironice
1533 2204 1575 2238 s,
1613 2201 1731 2238 cum
1766 2186 2009 2239 irrisione
2045 2185 2283 2239 affirmat
2331 2184 2420 2251 (de
2467 2199 2576 2254 qua
2609 2184 2662 2236 vi
2695 2183 3002 2238 Particulae

669 2248 878 2316 egimus
912 2248 983 2302 ad
1008 2251 1138 2304 Aen.
1166 2250 1239 2314 11,
1280 2255 1436 2315 5773,
1475 2268 1635 2321 quam
1671 2252 1868 2320 potius,
1909 2269 2044 2321 quae
2081 2254 2255 2322 prima
2292 2256 2375 2307 est
2397 2251 2705 2306 Particulae
2740 2254 2999 2321 potestaS,

667 2314 922 2371 lectorem
959 2317 1029 2371 ad
1064 2334 1175 2372 rem
1210 2334 1487 2387 magnam,
1536 2321 1750 2379 miram,
1800 2320 2220 2388 inexspectatum
2265 2324 2538 2374 attentum
2578 2319 2735 2379 facit,
2773 2324 2829 2373 et
2859 2318 3002 2373 idem

668 2383 779 2461 iere
813 2388 915 2451 est,
953 2386 1092 2453 quod
1119 2393 1265 2439 ecce!
1299 2388 1477 2440 sielae!
1512 2405 1543 2439 0
1579 2386 1853 2440 Wunder!
1887 2387 1976 2440 Ita
2001 2388 2108 2440 iam
2139 2387 2294 2440 Voss.
2330 2389 2736 2456 interpretatur,
2773 2385 3003 2441 laudans

670 2450 811 2504 mfra
849 2467 901 2503 v.
938 2456 1055 2506 493.
1090 2453 1163 2515 11,
1206 2456 1320 2506 245.
1359 2458 1473 2507 534.
1509 2453 1609 2508 III.
1647 2457 1762 2507 266.
1799 2454 1927 2507 Hor.
1966 2454 2066 2509 Od.
2103 2454 2174 2508 11.
2220 2458 2296 2516 14,
2335 2462 2385 2509 9.
2423 2460 2478 2509 et
2504 2452 2692 2509 Claud.
2725 2453 2999 2516 mvn,

673 2522 787 2571 116.
829 2519 915 2573 Cf.
951 2521 1095 2574 Cort.
1126 2520 1206 2576 ad*
1234 2523 1341 2576 Cic.
1378 2522 1531 2576 Fam.
1566 2521 1680 2584 XV,
1725 2527 1801 2586 15,
1844 2527 1890 2576 3.
1930 2521 2146 2577 Heindf.
2183 2521 2252 2576 ad
2289 2523 2418 2576 Hor.
2455 2522 2569 2576 Sat.
2606 2522 2688 2584 H,
2730 2527 2788 2586 5,
2827 2525 2909 2576 87.
2947 2527 3001 2576 et

667 2585 888 2641 Ramsh.
927 2593 972 2652 §-
1013 2591 1124 2642 172.
1168 2594 1211 2641 1.
1252 2621 1315 2629 ‹--
1350 2590 1718 2647 involvere.
1770 2606 2009 2654 sursum,
2046 2590 2102 2644 in
2146 2590 2396 2644 altiorem
2438 2590 2640 2652 locum,
2688 2589 2743 2642 in
2780 2589 3001 2658 superfi-

675 2654 809 2708 ciem
834 2653 1002 2710 Ossae
1023 2657 1224 2710 montis
1260 2656 1485 2712 volvere.
1554 2656 1639 2710 Sic
1673 2656 1829 2711 Ovid.
1854 2657 1986 2711 Met.
2014 2657 2140 2720 XII,
2178 2662 2295 2711 507.
2333 2659 2494 2712 Saxa
2525 2658 2707 2711 trabes
2839 2674 3005 2737 super

671 2728 917 2791 totosque
950 2723 1208 2777 invobvite
1240 2733 1461 2779 montes.
1498 2755 1564 2764 —
1597 2721 1726 2783 283.
1766 2724 1959 2779 Plures
2000 2724 2166 2778 Codd.
2210 2726 2440 2792 deiecit,-
2488 2723 2644 2778 male.
2763 2724 3003 2778 erissune

674 2788 814 2843 enim
852 2789 1037 2844 Burm.
1074 2790 1328 2855 adnotat,
1390 2793 1513 2862 plus
1557 2808 1672 2846 esse
1720 2792 2003 2855 disiicwe,
2050 2793 2084 2845 i.
2134 2810 2177 2846 e.
2216 2792 2456 2846 scindere
2491 2793 2546 2844 in
2583 2791 2764 2861 plures
2800 2796 2999 2862 partes,

675 2872 837 2925 quam
872 2858 1129 2920 deiicere,
1167 2876 1211 2913 s.
1246 2859 1395 2913 humi
1430 2863 1682 2914 sternere.
1753 2860 1833 2913 Cf.
1876 2875 2038 2928 supra
2073 2859 2143 2912 ad
2177 2875 2228 2913 v.
2257 2863 2372 2914 269.
2409 2858 2641 2913 Videtur
2665 2857 2807 2913 hunc
2825 2859 3002 2913 1000111

674 2925 1497 3062 “““ἒὲ.(ῗέἒ.ῖὲῗῖ,ἳ.ξ·,.ἒῒ,ἷ“οῗωέ“
1543 2925 2534 3063 Ψῧὶᾱῂξὲῗῖῃέεηᾞένρῃέἓ
2545 2926 3001 3047 ’.1.ῗῗ..ἔῖιέΐὲξῗ

671 3009 773 3180 {ied-
794 3061 1292 3182 bffltumaffost
1324 3065 1680 3124 decumam,
1719 3065 1902 3115 utrum
1943 3061 2017 3115 sit
2044 3061 2157 3115 dies
2177 3060 2350 3115 XVII.
2374 3059 2775 3130 intelligendus,
2802 3075 2871 3113 an
2896 3061 2999 3114 duo

714 3127 786 3180 'es
931 3167 943 3180 .
994 3131 1051 3182 ct
1145 3169 1157 3182 .
1238 3147 1271 3198 q

1173 3168 1185 3190 ,
1272 3146 1461 3183 uorum
1499 3128 1643 3198 prior
1683 3128 1855 3182 multo
1900 3129 2104 3183 felicior
2147 3128 2358 3182 dicatur
2392 3128 2590 3188 alte103
2648 3137 2845 3192 (nonne
2870 3135 3004 3197 post

674 3195 855 3263 potius
891 3196 1219 3250 contrarium
1253 3198 1581 3264 significaret
1594 3198 1642 3254 Ρ)
1678 3196 1779 3250 Sed
1815 3199 2060 3265 praestat
2095 3211 2319 3258 sumere,
2355 3195 2435 3250 Ve
2507 3194 2519 3207 ⁶
2547 3195 2653 3248 ’um
2678 3193 3002 3248 Graecorum

674 3262 938 3316 rationem
974 3265 1205 3334 (ἑβδόμη
1242 3264 1337 3316 ἐπὶ
1374 3265 1534 3328 δέκα)
1576 3267 1820 3317 secutum
1855 3263 1908 3318 10
1947 3263 2002 3317 01
2038 3262 2103 3317 de
2138 3263 2222 3317 die
2245 3262 2443 3324 XVII„
2510 3262 2614 3316 'cet
2635 3260 2841 3329 Heynio
2859 3264 3002 3316 teste

674 3329 891 3384 Hesiod.
909 3329 1074 3400 ‘'1597.
1113 3335 1227 3384 770.
1264 3335 1321 3384 et
1356 3335 1470 3385 794.
1514 3330 1798 3400 septimam
1834 3334 1890 3385 et
1964 3331 2187 3385 ecimam
2206 3331 2417 3385 faustas
2453 3345 2570 3384 esse
2618 3327 2870 3388 affirmet,
2909 3329 3000 3398 qui

674 3399 880 3458 tamen,
921 3415 1056 3467 quae
1091 3398 1177 3452 hic
1213 3398 1485 3468 Vergilius
1520 3401 1822 3456 enumerat,
1860 3415 1911 3452 v.
1954 3401 2052 3452 794
2086 3414 2200 3468 sqq.
2277 3398 2418 3451 otius
2455 3396 2525 3451 ad
2561 3396 2702 3449 diem
2736 3395 2881 3449 XIV.
2920 3412 3000 3450 re-

675 3465 796 3518 fert.
868 3464 1070 3520 Eadem
1118 3468 1203 3521 est
1236 3465 1413 3520 vossii
1454 3466 1748 3529 sententia,
1787 3465 1878 3534 qui
1913 3470 2188 3534 comparat
2234 3415 2420 3519 Kianil.
2457 3463 2561 3526 IV,
2599 3465 2727 3542 46⁶2..
2756 3462 3002 3533 Septima

666 3539 797 3602 post
838 3533 1108 3587 decimam
1149 3534 1351 3587 luctum
1392 3540 1445 3587 et
1488 3533 1740 3586 vicesinm
1821 3540 1968 3585 ortat
2036 3537 2090 3586 et
2135 3531 2261 3586 ibid.
2308 3548 2355 3586 v,
2399 3535 2519 3585 449.
2554 3529 2752 3584 simdts
2786 3547 2861 3599 qu

674 3601 833 3653 tertia
860 3618 1003 3670 pars
1039 3609 1118 3654 est
1153 3600 1290 3653 Post
1321 3601 1602 3665 decimam,
1642 3616 1736 3669 pro
1771 3550 1937 3653 {ertia
1970 3572 2191 3653 decima.
2225 3599 2439 3667 (Wagn.
2476 3600 2534 3678 et
2557 3596 2770 3676 Ladew.
2810 3596 2877 3651 de
2940 3613 3001 3651 00

674 3667 789 3721 1000
824 3683 1043 3735 prorsus
1076 3672 1300 3722 tacent.)
1368 3668 1619 3722 Ceterum
1662 3675 1906 3745 septuma
1937 3674 2069 3737 poet
2113 3667 2396 3720 decumam
2428 3681 2533 3719 scri
2570 3680 2739 3718 simus
2772 3679 2836 3718 ex
2870 3664 3001 3719 Cod.

679 3734 818 3788 Med.
857 3736 1201 3800 auctoritate,
1238 3751 1399 3816 quam
1438 3751 1561 3789 uam
1598 3734 1729 3789 alibi
1763 3733 1852 3788 hic
1881 3734 2058 3789 Codex
2092 3734 2350 3803 septimus
2398 3735 2455 3787 et
2611 3734 2624 3746 ⁶
2769 3730 2995 3786 exhibet.

678 3802 759 3855 Cf.
800 3801 1072 3857 Drakenb.
1108 3803 1176 3857 ad
1213 3803 1328 3858 Liv.
1520 3844 1533 3864 ,
1573 3806 1648 3864 18,
1685 3806 1735 3856 9.
1773 3804 1829 3856 et
1867 3802 1932 3855 W
2044 3843 2056 3855 .
2090 3799 2244 3856 Orth.
2282 3801 2439 3869 Verg.
2483 3817 2535 3869 p.
2574 3802 2689 3854 432.
2723 3829 2790 3839 —
2812 3800 3001 3867 felix

670 3885 941 3989 ponere,
979 3887 1098 3940 pro:
1136 3869 1356 3925 idoneus
1393 3869 1461 3924 ad
1500 3869 1813 3939 ponendum.
1874 3869 1942 3922 Vi
1982 3887 2011 3922 e
2052 3867 2207 3922 modo
2243 3868 2312 3922 ad
2347 3883 2396 3921 v.
2434 3870 2553 3923 280.
2612 3867 2703 3920 Ita
2735 3866 2867 3920 Aen.
2903 3866 2998 3928 IX,

712 3940 794 3992 72.
986 3956 1098 3992 non
1116 3938 1355 4008 felicior
1394 3938 1536 3990 alter
1579 3938 1785 4004 Uuyere
1823 3937 1932 3990 tela
1963 3954 2130 3990 marm
2162 3939 2481 4004 fen-umque
2514 3950 2734 3990 armare
2778 3951 2998 4002 venem,

677 4004 773 4058 ubi
805 4020 859 4058 vi
899 4045 913 4059 .
956 4005 1164 4059 adnott.
1206 4006 1325 4060 0011.
1362 4006 1444 4066 110,
1522 4021 1619 4058 uae
1655 4005 1722 4059 ad
1750 4003 1863 4058 Ecl.
1890 4003 1954 4068 V,
2001 4008 2046 4057 1.
2081 4004 2500 4058 observavimus.
2538 4033 2605 4043 -
2638 4003 2854 4063 vitem,
2895 4018 3000 4056 1100

676 4073 827 4138 vites,
856 4072 912 4127 in
935 4074 1179 4127 omnibus
1204 4073 1357 4127 libris
1382 4073 1494 4127 suis
1568 4073 1698 4126 eins.
1725 4071 1937 4126 videtur
1962 4071 2249 4133 invenisse3
2276 4087 2448 4152 neque
2465 4070 2628 4125 aliter
2642 4067 2832 4122 Medic.
2858 4069 3000 4139 apud

678 4138 931 4209 Foggin.;
967 4141 1100 4194 vitem
1125 4140 1331 4195 Potter.
1373 4158 1434 4196 ex
1472 4156 1577 4193 uno
1610 4143 1824 4193 tantum
1853 4138 2046 4200 Paris,
2082 4140 2144 4193 at
2174 4143 2483 4200 recentiore,
2508 4135 2701 4192 Codice
2735 4138 2998 4199 enotavit3

681 4221 842 4276 quare
878 4225 983 4263 non
1020 4209 1249 4263 debebat
1283 4209 1381 4263 1100
1421 4208 1491 4263 ab
1513 4208 1697 4262 Iahnio
1733 4206 1839 4260 reci
1878 4207 1912 4269 i,
1957 4206 2050 4277 qui
2081 4209 2266 4260 tamen
2298 4207 2354 4261 in
2391 4205 2520 4260 edit.
2549 4205 2624 4259 11.
2663 4203 2998 4272 Singulas-em

680 4274 849 4329 tacite
887 4278 1167 4330 revocavit.
1240 4276 1461 4331 Vitatur
1493 4276 1656 4330 etiam
1690 4275 1781 4328 Sin
1946 4275 1958 4287 '
1996 4274 2162 4328 nimia
2195 4273 2577 4352 aequabilitas,
2616 4287 2735 4325 cum
2773 4288 3002 4342 sequan-

679 4345 772 4396 tur
805 4342 1047 4398 Pluralia
1082 4346 1256 4410 boves,
1293 4344 1445 4399 licia.
1516 4342 1715 4397 Eadem
1751 4342 1995 4396 lectionis
2030 4342 2264 4396 varietas
2297 4343 2568 4396 invemtur
2586 4338 2713 4394 Geo.
2750 4339 2822 4398 Π,
2863 4342 2999 4402 273.,

679 4409 771 4464 ubi
805 4412 1007 4481 pariter
1037 4429 1097 4466 ex
1122 4412 1262 4467 Med.
1288 4412 1512 4483 aliisque
1536 4409 1787 4465 Heinsius
1814 4408 2153 4478 Singularem
2185 4409 2442 4463 restituit.
2482 4438 2550 4447 —-
2573 4403 2689 4468 285
2723 4406 3003 4475 „prensi

680 4477 896 4548 boves,
937 4479 1028 4550 qui
1064 4480 1256 4543 libere,
1309 4496 1405 4535 nec
1454 4478 1583 4532 dum
1617 4478 1741 4548 iugo
1782 4478 1977 4539 iuncti,
2038 4477 2305 4532 errabant.
2373 4476 2664 4538 Hesiodus,
2713 4489 2873 4544 quem
2920 4490 3002 4528 re·

679 4545 855 4615 spicit,
893 4563 945 4602 v.
963 4551 1080 4602 797.
1117 4546 1407 4611 εἰλίποδας
1442 4547 1625 4609 ἕλικας
1654 4549 1785 4612 βοῦς
1805 4573 1834 4585 ·
1855 4573 1885 4585 -
1906 4540 2206 4618 Πρηΰνειν,
2245 4546 2342 4599 ἐπὶ
2363 4549 2533 4615 χεῖρα
2559 4547 2797 4603 ruffus-‚⁴⁶
2820 4542 2998 4612 Heyn.

780 4657 1010 4698 vimen..
1067 4656 1211 4697 rans
1252 4656 1294 4697 1.
1351 4657 1445 4696 m).
1485 4655 1569 4696 π.
2521 4639 2580 4690 16
