3616 5026
1477 253 2004 325 GEORGICON
2043 258 2208 326 LIB.
2253 257 2365 324 ΙΙΙ.
2965 269 3086 329 407

747 417 934 484 Dant
977 419 1181 485 silvae
1222 419 1528 509 longique
1569 432 1846 507 urguent
1888 423 1975 489 ad
2014 425 2207 492 litora
2247 426 2517 506 fluetus3
2979 442 3079 492 200

747 501 864 568 Ille
906 501 1083 570 volat
1126 503 1317 569 simul
1360 527 1523 570 arva
1564 507 1738 592 fuga,
1783 505 1972 572 simul
2017 530 2305 596 aequora
2344 531 2631 577 verrens.

750 584 878 650 Hie
920 584 1025 651 vel
1067 585 1153 651 ad
1193 586 1338 652 Elei
1380 600 1588 654 metas
1627 599 1692 654 et
1734 612 2046 656 maxuma
2087 596 2305 679 campi

750 668 1026 733 Sudabit
1069 671 1284 756 spatia
1325 681 1390 736 et
1432 695 1694 759 spumas
1739 683 1890 759 aget
1933 696 2046 738 ore
2089 685 2411 759 cruentas,

746 751 1013 838 Belgica
1052 752 1157 818 vel
1197 753 1374 820 molli
1414 755 1644 821 melius
1687 757 1853 821 feret
1894 757 2130 822 esseda
2173 757 2355 824 collo.

743 973 933 1025 ventus
986 972 1060 1025 sit
1112 972 1411 1030 vehemens
1481 974 1567 1029 Cf.
1623 977 1783 1030 etiam
1830 975 2019 1045 Wagn.
2064 976 2165 1042 Qu.
2211 976 2360 1045 Virg.
2409 976 2636 1041 XXXV,
2673 981 2723 1033 3.
2791 976 3081 1032 Praeterea

744 1040 915 1108 Heyn.
963 1055 1056 1095 sus
1093 1041 1291 1106 icatur,
1344 1043 1622 1097 imitatum
1666 1059 1780 1097 esse
1824 1044 1875 1098 h.
1913 1045 1953 1099 l.
1999 1044 2379 1099 Maximianum
2434 1049 2804 1115 (personatum
2839 1043 3080 1100 Gallum}

742 1108 818 1177 {in
852 1107 1018 1161 Anth.
1135 1111 1177 1163 t.
1214 1110 1401 1164 Burm.
1439 1110 1504 1174 V,
1541 1114 1624 1172 62,
1655 1112 1726 1180 2.]
1763 1113 1941 1166 verbis
1976 1113 2135 1166 Arva
2165 1114 2263 1166 suh
2297 1113 2522 1166 aestivis
2555 1115 2769 1168 undant
2796 1112 3082 1167 horrentia

732 1169 950 1244 flabris.
992 1176 1244 1232 Santenio
1277 1194 1364 1247 ap.
1401 1179 1705 1233 Terentian.
1743 1197 1792 1249 p.
1824 1183 1941 1234 249.
1979 1180 2318 1235 scribendum
2354 1180 2593 1234 videtur:
2629 1181 2976 1235 Hos-resonent
3007 1181 3081 1234 le-

738 1244 896 1297 vibus
920 1245 1140 1313 flabris,
1177 1249 1389 1300 temere.
1464 1245 1584 1300 Vid.
1632 1248 1794 1301 etiam
1831 1248 2035 1303 Catull.
2069 1248 2221 1303 LXII
2260 1247 2494 1313 (LXIV),
2533 1251 2649 1302 273.
2697 1249 2945 1303 clementi
2967 1248 3080 1317 fla·

739 1313 882 1365 mine
925 1313 1128 1381 pulsae
1181 1313 1395 1375 (undae)
1440 1314 1762 1369 Procedant
1815 1327 1871 1376 (a
1915 1315 2224 1385 Keightleio
2265 1333 2349 1386 ap.
2388 1315 2639 1383 Coningt.
2688 1315 2957 1382 collatus).
3013 1348 3077 1356 —

735 1396 1038 1433 sonorem
1088 1380 1272 1434 Dant
1323 1384 1553 1437 silvae.
1614 1384 1742 1436 Hor.
1782 1382 1879 1437 od.
1917 1383 1968 1446 1,
2005 1387 2098 1449 23,
2137 1389 2183 1438 3.
2239 1403 2351 1438 non
2381 1384 2501 1437 eine
2535 1401 2677 1437 vano
2713 1385 2995 1439 Aur-amm
3030 1391 3078 1437 et

736 1448 912 1501 silvae
945 1455 1103 1501 metu.
1151 1479 1208 1488 —
1240 1446 1371 1510 200.
1411 1449 1602 1518 lonqi
1676 1450 1916 1518 luctus,
1952 1451 2114 1522 longo
2146 1454 2328 1507 tractu
2401 1451 2611 1506 orrecti.
2670 1449 2792 1505 Vid.
2830 1451 2973 1506 infra
3006 1451 3074 1505 ad

736 1532 785 1569 v.
824 1518 941 1569 223.
982 1546 1043 1555 -—
1075 1526 1374 1585 urynent,
1413 1520 1603 1587 protru
1642 1523 1758 1579 unt,
1797 1519 2111 1589 propellunt
2147 1537 2261 1575 sese
2302 1523 2321 1588 (
2363 1526 2437 1574 νά
2473 1537 2576 1587 ‚en
2596 1518 2749 1576 siclt).
2819 1517 2944 1573 Vid.
2979 1519 3074 1574 sd—

736 1587 876 1637 nott.
915 1583 981 1637 ad
1020 1582 1151 1639 Geo.
1188 1584 1240 1648 Ι,
1275 1588 1393 1639 443.
1467 1585 1621 1651 Quod
1663 1586 1730 1640 ad
1779 1603 1892 1640 rem
1935 1588 2157 1650 attinet,
2208 1590 2277 1643 ef.
2315 1588 2444 1643 Ge0.
2519 1629 2532 1650 ‚
2570 1589 2668 1640 358
2704 1602 2784 1655 sq.
2821 1616 2886 1625 —
2943 1583 3072 1646 201.

734 1692 771 1718 „
785 1651 825 1704 I
827 1652 941 1719 lle,
982 1652 1177 1720 aquilo,
1216 1653 1380 1709 volat.
1453 1653 1590 1718 Quia
1628 1658 1713 1708 tot
1746 1656 2076 1708 ornamentis
2110 1657 2379 1711 sententia.
2421 1658 2541 1710 erat
2583 1654 2907 1722 inter-oephi,
2942 1653 3074 1708 Pro-

733 1734 926 1772 nomen
962 1718 1338 1789 interponitur.
1384 1721 1526 1789 [Vid.
1563 1720 1633 1775 ad
1667 1723 1799 1776 Aen.
1836 1722 1881 1784 Ι,
1907 1723 1976 1791 3.]
2022 1723 2098 1777 De
2137 1740 2270 1792 equo
2305 1723 2450 1777 hune
2478 1739 2693 1778 versum
2715 1736 2908 1792 parum
2934 1736 3076 1775 oom-

733 1785 888 1840 mode
924 1787 1180 1857 accipiam
1226 1804 1344 1842 eum
1381 1789 1455 1842 sit
1487 1807 1733 1858 aeq-uora-
1767 1792 2045 1844 verremf‘
2100 1791 2278 1859 Heyn.
2351 1791 2491 1846 Sane
2532 1790 2764 1845 alterum
2812 1788 3074 1858 interpre-

733 1855 997 1909 tationem
1043 1858 1233 1924 utpote
1277 1857 1653 1925 simpliciorem
1735 1857 2103 1912 raeferendum
2140 1875 2279 1923 esse,
2327 1859 2550 1929 quisque
2586 1857 2750 1912 videt.
2821 1856 3072 1911 Ceterum

733 1922 801 1975 of.
839 1922 1018 1976 locum
1053 1923 1186 1977 Aen.
1227 1924 1269 1986 Ι,
1303 1929 1443 1979 1488
1481 1942 1530 1995 q.
1568 1875 1817 1979 similiter
1851 1925 2261 1982 eonfonnatum.
2298 1958 2365 1967 —
2399 1929 2586 1995 fuya,
2625 1925 2691 1980 de
2729 1923 2885 1980 celeri
2913 1940 3071 1978 cursu

732 2006 795 2045 ao
829 1993 997 2044 motu.
1070 1991 1151 2046 Cf.
1194 2008 1258 2045 su
1297 2008 1357 2046 ra
1399 2009 1434 2047 a
1511 2010 1560 2046 v.
1604 1997 1715 2047 142.
1749 2025 1815 2032 —
1850 2011 2115 2047 verrere
2154 1995 2219 2048 de
2253 1995 2454 2059 ventis,
2491 2011 2554 2049 ex
2589 2010 2734 2048 more
2771 1997 3069 2063 poetarum,

769 2074 827 2111 ro
862 2059 1106 2128 perflare.
1176 2058 1243 2113 Vi
1285 2105 1295 2115 .
1332 2061 1464 2114 Aen.
1502 2061 1546 2122 I,
1585 2063 1666 2115 62.
1725 2060 1883 2115 Luer.
1923 2063 1974 2124 1,
2014 2066 2130 2116 279.
2185 2062 2249 2126 V,
2290 2066 2405 2117 267.
2465 2062 2667 2117 Lucan.
2704 2061 2769 2124 V,
2806 2063 2923 2115 572.
2969 2062 3070 2114 etc.

762 2128 774 2150 “
805 2131 984 2180 terum
1004 2124 1212 2181 Peerlk.
1251 2126 1289 2182 l.
1312 2127 1349 2181 1.
1391 2129 1533 2182 huno
1566 2145 1797 2184 versum.
1837 2129 1926 2199 qui
1961 2129 2223 2200 impediat
2256 2130 2551 2184 orationem
2577 2132 2634 2184 et
2656 2129 2800 2185 absit
2820 2144 2854 2183 a
2876 2128 3070 2206 fragm.

727 2194 942 2255 Moret„
982 2196 1223 2264 spurium
1259 2195 1662 2267 Vergiliumque
1698 2198 1877 2266 potius
1912 2197 2022 2250 Ille
2055 2198 2506 2252 volans-werric
2539 2197 2869 2266 scripturum
2903 2196 3071 2250 fmsse

729 2265 930 2316 censet.
964 2291 1028 2299 -
1067 2259 1380 2322 202—204.
1430 2264 1568 2326 „Hic
1603 2265 1773 2318 bonus
1811 2266 1914 2318 erit
1950 2265 2003 2318 in
2040 2265 2436 2329 certaminibus,
2475 2281 2505 2319 e
2540 2265 2734 2344 quibus
2773 2263 3068 2334 olympica.

767 2330 1094 2384 raestantius
1130 2347 1324 2396 genus,
1365 2337 1651 2388 memorat.
1697 2333 1786 2387 vel
1822 2333 2096 2400 agitandis
2137 2333 2396 2388 curribus,
2472 2332 2625 2386 Hmc
2661 2343 2776 2402 (pro
2809 2333 2918 2394 hic)
2955 2332 3070 2385 Me-

728 2347 833 2452 Sic.
870 2415 903 2452 a
937 2414 1007 2452 m.
1046 2414 1170 2460 sec„
1209 2399 1367 2460 Gud„
1414 2402 1607 2467 fragm.
1647 2400 1850 2462 vatim,
1889 2400 2040 2454 Rom.
2085 2401 2179 2454 ulii
2217 2417 2306 2463 ue,
2356 2404 2413 2455 et
2458 2402 2627 2460 recte:
2677 2401 2747 2454 ab
2788 2398 2890 2453 hoe
2933 2401 3072 2453 tem-

726 2482 869 2537 pore,
909 2465 1046 2536 quod
1094 2467 1434 2534 designatum
1469 2470 1588 2523 erat
1631 2484 1677 2524 v.
1721 2473 1831 2524 190.
1872 2472 1929 2523 et
1963 2473 2120 2523 205.“
2238 2486 2351 2539 eyn.
2424 2469 2512 2524 lta.
2554 2469 2719 2524 etiam
2755 2466 2907 2523 Iahn.
2948 2482 3070 2546 oen-

728 2536 813 2588 set
855 2537 1017 2603 atque
1051 2534 1260 2590 Ladew.
1309 2540 1366 2591 et
1399 2537 1649 2592 Ribbeck.
1689 2538 1842 2591 Hinc
1887 2541 2223 2607 receperunt,
2270 2538 2356 2591 oui
2400 2538 2615 2591 leotioni
2664 2535 2828 2590 etiam
2866 2535 3067 2589 Amas,

727 2603 866 2671 Spie.
904 2619 954 2672 p.
995 2605 1077 2656 32.
1124 2605 1509 2672 patrocinatur.
1580 2605 1682 2659 Sed
1719 2621 1838 2659 cum
1883 2621 1935 2658 v.
1972 2609 2070 2659 205
2108 2623 2133 2658 s
2176 2647 2187 2659 .
2247 2605 2388 2658 Tum
2419 2609 2632 2659 demum
2664 2607 2763 2659 eto.
2810 2601 2950 2656 hanc
2984 2618 3069 2656 ra-

725 2671 926 2724 tionem
970 2686 1161 2739 purum
1208 2672 1419 2735 iuvent,
1473 2689 1579 2725 non
1625 2672 1801 2733 video,
1858 2689 1952 2726 our
1987 2690 2020 2727 a
2053 2673 2139 2727 Me
2183 2712 2196 2725 .
2242 2688 2276 2727 a
2309 2689 2379 2727 m.
2417 2689 2522 2742 pr„
2559 2671 2677 2726 Pal.
2734 2671 2961 2724 duorum
3002 2686 3068 2723 ue

728 2737 887 2793 Bern.
924 2737 1152 2792 lectione
1187 2739 1317 2806 Hic,
1356 2755 1518 2809 quam
1552 2740 1716 2794 etiam
1753 2740 1913 2794 Probi
1990 2785 2000 2795 .
2039 2743 2121 2803 61,
2158 2744 2242 2794 26.
2297 2739 2437 2795 Keil.
2482 2743 2539 2794 et
2571 2738 2792 2793 Acronis
2827 2737 2897 2791 ad
2989 2754 3066 2791 or.

728 2806 825 2861 Od.
862 2806 907 2869 1,
951 2810 995 2865 1,
1038 2811 1084 2860 3.
1134 2809 1318 2861 tuetur
1355 2809 1675 2870 auotoritas,
1713 2757 2065 2863 recedend‘um
2101 2808 2200 2865 sit.
2237 2824 2398 2888 quam
2437 2812 2720 2887 propterea
2758 2821 2893 2886 oum⁸
2917 2805 3068 2885 Hau-

727 2874 859 2942 ptio,
898 2873 1161 2940 Wagnero
1196 2879 1251 2929 et
1276 2875 1611 2944 Coningtone
1646 2876 1867 2937 retinui:
1903 2892 2029 2930 nam
2098 2875 2204 2929 uod
2241 2893 2295 2930 m
2332 2878 2605 2930 recentiss.
2643 2873 2897 2942 Wagnen
2933 2872 3063 2927 edit.

732 2941 886 2995 Hine
921 2958 1037 2995 rece
1076 2946 1196 2995 tum
1230 2945 1339 3007 est,
1387 2942 1441 2996 id
1480 2942 1653 2998 editor
1685 2945 1702 2997 i
1743 2961 1798 2998 se
1833 2945 1888 2997 in
1924 2944 2060 2997 Prae
2089 2985 2101 2998 .
2141 2960 2196 3012 p.
2230 2943 2380 2997 VIII.
2425 2943 2722 3012 vituperat,
2773 2941 2867 3011 qui
2901 2941 3063 2995 etiam

730 3011 780 3063 in
809 3008 1005 3063 Philol.
1071 3009 1222 3078 uppl.
1250 3011 1296 3064 1.
1324 3027 1377 3080 p.
1403 3014 1519 3065 314.
1555 3010 1679 3065 huic
1725 3012 1918 3065 eotioni
1940 3012 2271 3065 adversatur.
2321 3010 2436 3064 Hic
2460 3010 2570 3064 fere
2603 3009 2747 3063 idem
2783 3011 2886 3071 est,
2924 3007 3066 3078 quod

729 3078 875 3142 talis,
913 3079 1029 3130 tam
1068 3078 1317 3145 egregius
1350 3095 1536 3147 equus,
1575 3080 1666 3148 qui
1702 3080 1756 3132 in
1790 3080 2149 3149 superioribus
2184 3079 2485 3147 descriptus
2521 3079 2631 3139 est,
2667 3077 2749 3130 ita
2783 3076 2976 3129 doctus
3011 3077 3067 3156 et

730 3144 798 3198 ad
836 3160 1046 3224 omnem
1086 3160 1301 3199 cursum
1347 3147 1650 3200 institutus
1687 3178 1751 3186 —-
1786 3147 1887 3227 Vix
1929 3151 2113 3229 autem
2149 3152 2246 3225 est·
2276 3145 2416 3216 quod
2462 3161 2731 3230 moneam,
2783 3143 2949 3198 verbs
2989 3159 3066 3197 810

728 3229 844 3335 33?
876 3212 1197 3343 αιὲῃέἶίῗιῗὶῗ,
1234 3216 1319 3336 (ἐξ.
1356 3285 1411 3336 et
1447 3281 1513 3335 de
1565 3223 1847 3345 &affluit
1886 3215 2258 3345 gwileaffilgih
2271 3212 2603 3344 deffm‘ltulsso,
2635 3214 2834 3334 augei?
2848 3229 3065 3358 «1ᾚέιὲ

729 3348 1094 3419 hippodromo,
1133 3349 1242 3402 vid.
1279 3349 1349 3403 ad
1387 3350 1515 3405 Geo,
1581 3392 1594 3413 ‚
1632 3355 1746 3404 513.
1787 3352 1843 3403 et
1875 3352 2006 3405 Aen.
2045 3350 2110 3411 V,
2149 3354 2261 3404 316.
2306 3349 2610 3403 Markland.
2650 3347 2719 3402 ud
2756 3348 2895 3401 Stat.
2933 3346 3062 3400 silv.

728 3417 795 3478 V,
838 3420 884 3476 1,
924 3420 1004 3471 21.
1043 3420 1248 3471 temere
1286 3418 1417 3473 coni.
1460 3419 1700 3471 maxima
1739 3417 1923 3471 Circi
1956 3418 2018 3472 S.
2053 3435 2134 3488 sp.
2171 3449 2236 3457 -·-
2272 3414 2403 3479 203.
2442 3416 2742 3470 sudabit.
2786 3414 2870 3469 Cf.
2903 3414 3064 3484 Prop.

728 3484 777 3536 V
807 3484 943 3547 (IV),
983 3486 1027 3541 1.
1054 3488 1134 3538 70.
1174 3484 1465 3539 Haemon-s
1489 3488 1930 3539 admotaseudet
1948 3493 2162 3557 oportet
2179 3503 2359 3555 equus.
2388 3489 3060 3561 ——spumasayetuora

729 3551 852 3606 Vid.
889 3555 1002 3606 not.
1039 3551 1107 3605 ad
1146 3551 1270 3608 Geo.
1307 3552 1382 3615 11,
1424 3558 1536 3608 130.
1571 3585 1636 3593 -
1676 3561 2008 3620 cruentas,
2053 3553 2197 3607 haud
2242 3552 2403 3607 dubie
2438 3568 2527 3605 ore
2560 3551 2710 3605 duris
2745 3550 2802 3604 lu
2841 3552 2949 3604 atis
2991 3553 3063 3615 (v.

728 3622 868 3679 208.)
902 3618 1065 3673 laeso,
1134 3620 1386 3675 Ceterum
1431 3621 1517 3675 hio
1562 3637 1769 3691 quoque
1802 3622 1955 3675 Maro
1992 3625 2117 3676 ante
2154 3620 2334 3675 oculos
2374 3618 2570 3674 habuit
2606 3618 2765 3673 Luer.
2799 3567 2910 3697 fil,
2943 3620 3062 3671 488.

734 3686 1005 3753 Concidit,
1046 3695 1099 3741 et
1128 3705 1350 3758 spumas
1382 3690 1515 3756 aqit,
1554 3690 1797 3757 inyemit,
1835 3697 1885 3743 et
1918 3691 2096 3743 tremit
2126 3696 2296 3768 artus,
2336 3704 2493 3757 quem
2525 3702 2738 3741 versum
2774 3687 2937 3740 ettam
2974 3701 3064 3739 su·

731 3772 830 3825 pra.
876 3771 922 3808 v.
963 3758 1042 3809 84.
1090 3758 1146 3809 et
1191 3757 1335 3810 infra
1378 3773 1429 3810 v.
1467 3760 1580 3811 516.
1629 3757 1875 3812 imitatus
1919 3760 2020 3812 est.
2089 3757 2172 3812 cf.
2219 3758 2383 3810 etiam
2428 3754 2638 3810 adnott.
2684 3753 2766 3834 ad·
2797 3753 2930 3807 Aen.
2969 3752 3063 3831 Vl,

731 3827 845 3877 874.
885 3851 953 3862 —
988 3819 1117 3881 204.
1165 3825 1246 3881 ..Ε
1285 3825 1527 3879 curribus
1563 3826 1788 3879 esseda
1824 3825 2106 3894 Belqica
2147 3823 2318 3895 ponit,
2359 3840 2455 3878 seu
2488 3839 2587 3893 pro
2627 3821 2873 3876 curribus
2904 3819 3063 3875 belh-

730 3893 824 3953 ois,
864 3890 1306 4012 quodffraefero.
1347 3892 1414 3945 cf.
1450 3909 1502 3945 v.
1545 3896 1684 3957 179„
1723 3910 1816 3947 seu
1852 3893 2065 3948 omnino
2101 3907 2196 3962 pro
2228 3891 2487 3945 nobiliore
2521 3906 2711 3945 currus
2748 3904 2960 3968 genere,
2999 3889 3065 3968 ut

730 3963 946 4029 poeta.“
1069 3976 1183 4028 εῃη.
1253 3960 1394 4014 Illud
1438 3960 1592 4014 unice
1634 3978 1844 4024 vernm3
1941 3977 2094 4019 nare,
2143 3975 2277 4028 quae
2324 3959 2495 4028 Heyn.
2540 3960 2817 4028 praeterea
2850 3955 3062 4020 adiecit,

731 4025 1033 4081 omittenda
1074 4028 1268 4082 censui.
1337 4028 1653 4082 Rectissime
1699 4030 1837 4083 enim
1942 4045 2066 4108 agn.
2119 4027 2440 4081 sententiam
2473 4026 2668 4105 horum
2704 4041 2837 4104 γη,
2884 4024 3064 4102 detru-

733 4099 819 4148 cto
847 4099 1057 4153 ornatu.
1095 4094 1232 4149 hanc
1266 4112 1380 4150 esse
1417 4096 1598 4161 dooet3
1634 4097 1680 4150 is
1704 4113 1873 4167 equus
1894 4097 2022 4150 talis
2059 4101 2159 4157 est,
2198 4095 2343 4164 quali
2369 4096 2423 4148 in
2449 4093 2831 4148 certaminibus
2853 4092 3061 4152 Graeci,

731 4164 785 4216 in
822 4162 982 4216 bellis
1015 4162 1215 4232 Belgae
1249 4181 1278 4218 e
1313 4180 1472 4219 curru
1491 4172 1806 4288 ἕιέᾗῃαηῐεε
1849 4168 2095 4219 utuntur.
2162 4161 2326 4217 Pauci
2360 4161 2530 4243 codd.
2567 4161 2729 4241 (inter
2803 4175 2900 4238 uos
2936 4175 3062 4212 sane

733 4231 875 4285 Med.
913 4245 947 4283 a
981 4247 1051 4285 m.
1086 4247 1168 4300 pr.
1215 4236 1270 4286 et
1302 4231 1446 4293 Pal.)
1621 4234 1712 4288 ica
1735 4264 1755 4273 -
1781 4263 1801 4272 ·
1827 4234 2040 4298 esseda,
2086 4247 2245 4301 quum
2287 4231 2570 4285 lectionem
2612 4244 2745 4307 iam„
2807 4242 2935 4306 ein-s.
2980 4243 3062 4280 re·

735 4299 875 4354 iecit.
947 4298 1237 4369 Receptum
1270 4299 1554 4355 lectionem
1590 4306 1803 4372 praeter
1839 4305 2135 4356 ceterorum
2168 4298 2333 4353 Codd.
2379 4299 2545 4353 etiam
2579 4297 2764 4359 Servu,
2798 4293 3060 4372 Philon-g,

733 4366 898 4421 Probi
921 4383 976 4437 p.
1000 4369 1085 4429 61,
1112 4370 1195 4421 29.
1231 4367 1390 4425 Keil..
1426 4369 1586 4423 Nonii
1662 4412 1673 4423 .
1710 4373 1827 4429 528,
1857 4372 1924 4433 2.,
1961 4366 2137 4421 Sobel.
2174 4367 2376 4422 Lucani
2408 4367 2453 4429 Ι,
2490 4368 2608 4420 426.
2642 4365 2697 4418 et
2730 4362 2849 4417 Ter.
2884 4362 3060 4442 Risum

735 4453 789 4506 p.
828 4438 970 4489 1029.
1018 4437 1205 4489 tuetur
1245 4437 1557 4491 auctoritas.
1624 4388 1705 4492 ffie
1740 4439 1939 4492 essedis
1971 4434 2247 4492 Gallorum
2295 4434 2384 4499 (ef.
2422 4434 2509 4515 bio
2543 4432 2716 4514 loeus)
2757 4432 2813 4485 et
2844 4430 3061 4509 Briton-

736 4519 924 4557 norum
959 4503 1085 4565 (vid.
1119 4502 1277 4574 Prop.
1313 4504 1394 4562 Π.
1436 4508 1481 4565 1,
1520 4509 1602 4560 76.
1657 4505 1876 4559 Εεεεάα
1915 4504 2142 4559 caelatis
2171 4504 2300 4557 εῖδει
2334 4503 2617 4557 Βηιαπηα
2649 4502 2815 4569 παφα)
2851 4496 2923 4552 ef.
2959 4514 3060 4551 un-

776 4571 924 4624 rimis
962 4571 1111 4625 Caes.
1147 4572 1208 4628 Β.
1248 4573 1314 4627 G.
1346 4571 1441 4635 IV,
1478 4575 1560 4635 24,
1598 4577 1678 4627 33.
1734 4573 1798 4637 V,
1840 4577 1917 4627 16.
1977 4572 2089 4626 Liv.
2124 4572 2192 4634 X,
2228 4574 2309 4626 28.
2355 4572 2412 4626 et
2444 4570 2693 4626 Seheffer.
2740 4567 2806 4622 de
2840 4582 2899 4620 re
2937 4564 3059 4621 veh.

796 4680 810 4703 ,
847 4642 929 4693 23.
964 4670 1030 4679 -
1069 4642 1320 4710 „sev-et,
1363 4643 1428 4695 ut
1461 4657 1510 4695 v.
1551 4645 1681 4703 184„
1724 4658 1822 4711 pro
1864 4641 2108 4712 patietur
2140 4640 2243 4694 dici
2285 4639 2513 4695 adnotat
2542 4638 2757 4701 Burm.;
2799 4650 2927 4690 nam
2960 4651 3060 4705 pro
