3616 5026
1490 218 2020 290 GEORGICON
2062 224 2226 290 LIB.
2271 224 2319 291 I.
2964 231 3086 292 229

732 381 921 448 Multi
967 392 1119 449 ante
1161 407 1463 451 occasum
1507 386 1726 453 Maiae
1772 412 2079 477 coepere3
2126 391 2241 457 sed
2281 391 2425 458 illos
2987 405 3086 455 225

731 465 1106 554 Expectata
1150 491 1334 554 seges
1381 471 1572 534 vanis
1617 470 1807 537 elusit
1846 476 2090 540 avenis.

733 549 804 614 Si
851 572 1004 614 vero
1050 552 1418 640 viciamque
1464 576 1641 619 seres
1689 555 1877 621 vilem
1930 581 2008 622 ue
2052 557 2388 644 phaselum

731 633 869 697 Nec
908 631 1293 700 Pelusiacae
1338 658 1558 701 curam
1605 660 1889 724 asperna
1938 663 2047 705 ere
2089 640 2297 719 lentis,

731 715 933 781 Haud
976 715 1257 783 obscura
1295 718 1538 784 cadens
1584 723 1791 786 mittet
1839 724 1959 788 tibi
2008 726 2197 810 signa
2239 725 2510 790 Bootes:

768 974 926 1024 anter
970 968 1205 1031 dictum,
1272 984 1429 1037 quam
1489 988 1519 1023 s
1574 987 1637 1024 es
1682 974 1850 1026 anni
1888 991 1986 1044 pro
2049 976 2274 1033 semine.
2340 974 2480 1028 uude
2524 989 2759 1027 annuum
2806 988 3085 1042 speramus

755 1054 821 1091 ru
898 1054 949 1090 m
976 1044 1334 1158 dproventum.
1386 1068 1453 1076 —-
1550 1057 1590 1092 s.
1655 1036 1783 1101 225.
1834 1044 1889 1096 et
1924 1039 2054 1102 226.
2117 1042 2506 1112 quodammodo
2555 1042 2607 1094 in
2663 1039 2968 1120 parenthesi
3027 1044 3083 1092 et

730 1054 970 1175 expffean
1014 1122 1030 1157 1
1087 1119 1249 1157 causa
1304 1104 1498 1159 adiecti
1556 1112 1682 1161 sunt
1739 1125 2061 1179 causamque
2097 1111 2362 1164 indicant.
2427 1126 2521 1163 cur
2574 1111 2712 1161 satio
2770 1125 2873 1161 non
2931 1108 3081 1176 prius

729 1172 1035 1294 incipienda
1070 1172 1161 1225 sit.
1198 1204 1261 1211 -—
1297 1181 1499 1238 „anm
1534 1193 1833 1249 oceasum
1869 1178 2123 1241 Maiae,
2160 1179 2209 1234 h.
2250 1197 2291 1232 e.
2329 1177 2639 1235 Pleiadum.
2678 1192 2707 1229 e
2743 1176 2935 1244 quibus
2975 1191 3082 1227 una

729 1245 815 1296 est
848 1276 867 1294 .
907 1256 1007 1294 aia.
1078 1238 1162 1293 Ad
1200 1255 1312 1293 rem
1349 1240 1417 1295 cf.
1453 1241 1604 1295 Xeno
1624 1243 1695 1297 ih.
1732 1250 1922 1301 oecon.
1969 1250 2044 1303 17,
2092 1250 2137 1301 2.
2182 1246 2389 1299 Colum.
2426 1245 2522 1298 XI.
2565 1248 2612 1303 2,
2653 1248 2731 1296 80.
2801 1243 2964 1295 Vetus
3007 1250 3084 1293 est

728 1309 1108 1378 ayn-icolawcm
1138 1309 1519 1390 prowm-bium,-
1620 1319 1838 1365 atnram.
1871 1314 2137 1392 sationem
2170 1331 2336 1382 saepe
2382 1313 2506 1364 (ἴκρι’
2523 1328 2632 1364 ›erc
2674 1312 2867 1378 solere,
2904 1328 3084 1364 seram

727 1395 1024 1521 ww
1036 1377 2475 1517 s2msnfflnz²gsq³¹ziffl9¹¹iix-‘³222.X-
2510 1380 2827 1516 {2634323‘23
2840 1377 3080 1499 ..¹:2⁸3

728 1511 850 1566 Vid.
889 1511 1083 1590 Wagn.
1121 1509 1278 1589 Orth.
1318 1511 1480 1580 Verg.
1535 1530 1584 1582 p.
1631 1518 1749 1567 436.
1815 1523 1871 1570 et
1907 1516 2163 1570 Ribbeck.
2204 1515 2417 1581 Proleg.
2487 1536 2518 1566 ι.
2581 1517 2697 1567 446.
2775 1545 2827 1553 -
2885 1513 3078 1564 vanis

729 1580 934 1633 eluant
987 1595 1234 1632 avenes.
1301 1578 1535 1634 Difficile
1583 1580 1647 1636 ‹le
1700 1582 1798 1635 huc
1855 1583 1969 1636 loco
2026 1583 2308 1638 iudicium:
2369 1583 2443 1636 Co
2484 1582 2537 1634 d.
2607 1582 2747 1635 enim
2811 1580 3072 1634 fluctuant

728 1648 872 1702 inter
924 1646 1060 1699 duas
1116 1645 1373 1700 lectiones
1415 1649 1606 1701 aristes
1638 1658 1691 1703 et
1744 1650 1959 1711 avenis,
2017 1653 2093 1705 ita
2141 1657 2319 1705 tamen
2361 1652 2424 1703 ut
2461 1649 2708 1703 meliores
2741 1647 2864 1701 libri
2912 1647 3075 1701 (Med.

729 1720 786 1768 et
836 1714 1015 1769 Rom.)
1074 1729 1196 1767 cum
1233 1714 1406 1768 Nonio
1452 1733 1504 1784 p.
1542 1720 1655 1770 301.
1695 1721 1749 1771 et
1784 1722 1902 1772 416.
1954 1719 2093 1779 (coll.
2143 1719 2354 1784 Quinct.
2405 1718 2540 1771 lust.
2586 1717 2639 1778 Ι,
2694 1720 2741 1769 4.
2793 1719 2850 1768 et
2897 1714 3074 1769 Schol.

727 1782 796 1837 ad
842 1781 993 1836 Pers.
1050 1781 1164 1835 Sat.
1216 1785 1291 1849 5.)
1343 1783 1602 1852 priorem,
1658 1786 1727 1838 ab
1774 1786 1995 1839 Heinsio
2057 1790 2358 1841 revocatam
2418 1787 2585 1853 atque
2643 1784 2712 1837 ab
2755 1782 2960 1851 Heynio
3023 1784 3079 1835 et

728 1850 994 1919 Wagnero
1046 1852 1341 1911 servatam,
1404 1850 1518 1919 (qui
1574 1856 1779 1911 censet.
1854 1856 2041 1906 avenis
2091 1855 2270 1908 deberi
2342 1852 2577 1906 librariis
2639 1851 2921 1920 propinqui
2989 1867 3078 1901 vo-

729 1917 805 1971 cis
843 1918 1004 1971 vanis
1049 1932 1176 1970 sono
1221 1915 1462 1995 deceptis
1508 1923 1561 1971 et
1624 1921 1786 1972 vanis
1842 1921 2032 1975 avenis·
2092 1922 2198 1975 iam
2260 1921 2470 1975 aurium
2531 1918 2724 1973 iudicio
2782 1917 3075 1986 reprobari,

765 1992 1007 2040 raeterea
1061 1984 1225 2038 etiam
1263 1984 1525 2049 Quinctil.
1567 1986 1619 2045 Ι,
1678 1992 1735 2042 3.
1796 1992 1839 2040 l.
1888 1988 1952 2041 de
2009 1989 2266 2041 inanimes
2321 1988 2513 2041 arektr‘s
2569 1988 2875 2055 loquentem
2935 1984 3077 2038 hunc

726 2004 906 2107 focum
958 2051 1123 2105 videri
1169 2058 1295 2105 ante
1332 2053 1513 2106 oculos
1551 2053 1826 2109 habuisse}
1875 2056 2011 2109 tueri
2071 2056 2378 2117 videantur,
2443 2070 2765 2124 quamquam
2825 2053 2910 2105 vix
2958 2069 3077 2122 per-

728 2121 1000 2257 {ss'iiffmfflfi
1075 2119 1642 2242 {was-fter?
1684 2123 2153 2245 ⁸³¹¹¹¹1332²0²1¹131¹sssse13¹³
2169 2120 3081 2244 021333m¹23222.³¹¹3{*22?¹¹.2.21.³323

726 2230 924 2326 aliquis
959 2255 1291 2315 deflecteret,
1330 2243 1493 2324 quam
1529 2207 1897 2319 vice've'rgax‘
1942 2259 1985 2313 ei
2023 2275 2176 2312 nemo
2220 2258 2377 2312 facile
2422 2231 2814 2325 subscripserit.
2884 2254 3075 2311 Immo.

727 2340 849 2377 cum
886 2328 1140 2377 constans
1174 2322 1341 2377 fuerit
1380 2324 1723 2393 antiquorum
1759 2326 1959 2394 opinio.
1999 2342 2177 2380 semen
2213 2326 2468 2379 frumenti
2507 2330 2632 2378 ante
2669 2322 2953 2377 Pleiadum
2994 2341 3078 2375 or-

727 2394 846 2445 tum
886 2393 1065 2445 terrae
1100 2389 1414 2445 mandatum
1454 2391 1710 2446 diuturno
1745 2394 1857 2446 situ
1883 2393 2203 2457 degenerare
2234 2394 2290 2446 in
2315 2411 2544 2445 avenam
2568 2411 2762 2445 vanam
2789 2410 2832 2445 s.
2848 2393 3076 2458 fatuam

726 2458 1092 2527 (Fluyhafer‚
1130 2457 1325 2512 wilaelev·
1362 2459 1585 2528 Hqt‘er:
1634 2460 1702 2513 cf.
1739 2460 1883 2513 Plin.
1921 2461 2129 2518 XVIII.
2182 2466 2267 2518 17.
2311 2465 2395 2515 44.
2436 2460 2596 2528 Verg.
2639 2460 2747 2512 Bel.
2786 2458 2856 2520 V,
2899 2462 2982 2511 37.
3024 2461 3076 2512 et

722 2543 889 2597 supra
924 2543 973 2579 r.
1018 2531 1178 2581 1543.
1235 2543 1354 2581 eam
1390 2531 1573 2582 tamen
1608 2545 1712 2582 non
1751 2529 1997 2583 omnibus
2037 2529 2274 2582 librariis
2316 2530 2638 2583 innotuisse.
2677 2527 2966 2581 admodum
3005 2527 3080 2579 sit

723 2594 1032 2654 verisimile,
1069 2609 1165 2663 per
1199 2610 1256 2648 se
1299 2595 1632 2663 probabilius
1668 2597 1881 2650 videtur
1915 2613 2032 2649 cum
2073 2598 2259 2650 vossio
2295 2600 2551 2656 statuere,
2587 2611 2769 2648 veram
2794 2595 3077 2649 lectionem

722 2662 913 2717 armis
947 2662 1017 2715 ab
1055 2660 1286 2714 indoctis
1322 2662 1561 2716 librariis
1595 2664 1649 2717 in
1686 2664 1916 2718 alteram
1952 2681 2068 2718 esse
2103 2669 2389 2722 mutatam.
2419 2664 2682 2732 imprimis
2723 2679 2840 2716 cum
2879 2679 2929 2714 v.
2959 2666 3077 2714 220.

761 2728 1012 2785 raecedat
1048 2745 1144 2782 vox
1180 2729 1385 2783 aristis.
1460 2730 1634 2795 Quare
1669 2748 1811 2785 nunc
1847 2748 1967 2785 cum
2013 2733 2394 2786 recentissimis
2421 2731 2717 2785 editoribus
2747 2729 3081 2790 ‹R.ibb..1.a-

760 2814 856 2852 επ.
904 2801 961 2851 et
1004 2796 1265 2865 Hauptiov
1313 2801 1528 2866 praeter
1571 2799 1958 2868 Coningtonem
2009 2799 2158 2853 illam
2205 2799 2570 2852 restituimus,
2653 2814 2778 2851 uam
2825 2796 3080 2851 exhibent

720 2865 858 2927 Pal..
897 2863 1056 2924 Gud..
1094 2863 1199 2917 duo
1222 2864 1380 2918 Bern.
1404 2868 1461 2918 et
1484 2864 1692 2919 Probus
1728 2884 1779 2946 p.
1821 2870 1902 2924 38.
1948 2870 2023 2922 17.
2061 2867 2125 2921 K.
2161 2870 2252 2933 (cf.
2279 2866 2419 2920 Keil.
2454 2866 2509 2919 in
2533 2814 2905 2932 Ph301.11.p.
2943 2868 3077 2918 164.)

721 2931 874 2999 Quod
920 2932 1063 2986 euim
1101 2930 1293 2997 Wagn.
1339 2930 1473 2985 dicit
1516 2932 1580 2987 de
1629 2950 1840 2987 aunum
1882 2933 2092 2994 iudicio,
2134 2951 2254 2988 cum
2300 2933 2622 3002 interposita
2656 2933 2726 2985 sit
2767 2948 2865 2985 vox
2899 2931 3077 2990 elusit,

720 3001 901 3055 minus
945 3015 1131 3053 verum
1173 2997 1388 3053 videtur
1431 3002 1488 3053 et
1530 3001 1891 3065 Quinctiliano
1955 3002 2094 3055 hunc
2138 3002 2479 3071 potissimum
2516 3000 2692 3053 locum
2732 3000 3076 3053 obversatum

720 3069 907 3126 fuisse,
946 3067 1068 3136 quis
1102 3067 1303 3136 poterit
1338 3069 1604 3136 probare?
1643 3101 1709 3109 --
1744 3066 1878 3127 227.
1921 3069 2099 3122 Etiam
2137 3070 2226 3137 qui
2263 3085 2365 3121 non
2393 3068 2567 3122 solum
2592 3068 2942 3126 frumentum,
2984 3065 3076 3119 sed

721 3135 1061 3214 leguminum
1093 3150 1305 3204 quoque
1342 3136 1493 3189 varia
1529 3152 1725 3200 genera
1766 3152 1940 3190 serere
1983 3136 2386 3190 constituerint.
2441 3136 2509 3189 ab
2544 3135 2662 3188 initi
2673 3155 2697 3180 -ι
2735 3152 2805 3187 m.
2847 3133 3079 3187 Novem-

720 3205 835 3257 bris
880 3218 1049 3282 usque
1093 3201 1162 3256 ad
1199 3202 1432 3256 multam
1477 3201 1701 3257 hiemem
1750 3220 1924 3258 serere
1971 3204 2240 3258 iubentur.
2312 3205 2564 3257 Ceterum
2607 3203 2662 3256 in
2706 3202 2792 3254 his
2830 3201 3079 3255 omnibus

720 3270 1083 3326 clementioris
1130 3269 1262 3324 caeli
1307 3285 1571 3324 memores
1607 3287 1721 3324 esse
1759 3271 2034 3326 debemus,
2075 3304 2138 3312 —-
2173 3272 2412 3324 viciam
2469 3271 2570 3323 sub
2616 3286 2806 3323 occasu
2840 3268 3076 3324 Arcturi.

721 3337 1014 3393 Novembri
1065 3353 1247 3391 mense
1290 3337 1395 3391 inci
1436 3337 1604 3398 iente.
1650 3343 1828 3393 satam
1865 3356 2006 3398 esse,
2044 3357 2104 3393 ex
2140 3338 2316 3393 Plinio
2350 3337 2562 3396 XVIII,
2610 3343 2695 3391 15.
2737 3340 2818 3390 37.
2854 3336 3079 3389 coniecit

722 3406 877 3484 Voss:
927 3405 1135 3459 Colum.
1181 3408 1363 3459 autem
1403 3405 1492 3484 ‚1⁹
1535 3409 1618 3466 10,
1674 3410 1754 3461 29.
1793 3422 1901 3486 eas·
1923 3407 2006 3459 bis
2042 3407 2331 3476 quotannis
2368 3407 2472 3460 seri
2520 3405 2790 3490 perhibet.
2837 3408 3078 3484 tempore

719 3473 1457 3618 Ἕῗὶῗέὦῖῗὲἓὲῗξ
1465 3475 1954 3602 ffssffiassffiffiatss
1991 3473 2888 3603 .232‚Pr-2235?2222‘221'3'123333522?
2908 3475 3077 3616 {m}

715 3560 997 3670 abarum,
1036 3607 1177 3688 quod
1212 3607 1436 3662 Romam
1475 3626 1546 3662 m.
1584 3608 1801 3662 Octobri
1843 3615 2096 3664 exeunte.
2138 3608 2250 3670 vel,
2291 3608 2555 3677 imprimis
2591 3607 2634 3660 si
2678 3623 2737 3660 eo
2774 3605 2931 3660 viridi
2970 3622 3078 3659 una

721 3694 842 3732 cum
880 3674 968 3729 sili
1007 3692 1090 3729 ms
1128 3676 1271 3729 vesci
1309 3676 1590 3730 volebant.
1643 3693 1711 3729 m.
1747 3677 2049 3744 Septembri
2096 3677 2362 3730 serebant.
2406 3674 2567 3734 (Plin.
2609 3674 2823 3735 XVIII,
2867 3678 2945 3732 12.
2994 3678 3076 3727 33.

722 3743 934 3798 Colum.
1058 3783 1069 3802 ‚
1109 3746 1157 3800 2.
1202 3746 1284 3796 72.
1357 3743 1442 3795 Cf.
1469 3742 1692 3797 Billerb.
1731 3743 1875 3797 Flor.
1916 3744 2072 3798 class
2114 3761 2165 3813 p.
2211 3748 2349 3799 184.)
2384 3742 2610 3808 Vulgari
2637 3747 2819 3795 autem
2847 3742 3077 3795 nominis

721 3810 990 3865 scribendi
1034 3810 1229 3864 rationi
1276 3827 1371 3878 per
1406 3813 1464 3876 f,
1518 3827 1679 3880 quam
1720 3828 1818 3865 nos
1854 3828 2059 3882 quoque
2095 3812 2244 3881 prius
2280 3812 2448 3865 secuti
2485 3826 2689 3865 sumus.
2727 3808 2811 3862 hic
2848 3812 2906 3862 et
2946 3810 3074 3860 Gen.

722 3879 822 3935 IV.
875 3882 995 3933 289.
1033 3877 1353 3932 adversatur
1392 3877 1534 3932 Med.
1582 3882 1984 3948 ceterorumque
2029 3879 2518 3932 vetustissimorum
2554 3877 2722 3929 Codd.
2760 3877 3076 3931 auctoritas,

721 3946 803 3999 cf.
834 3945 1000 4000 etiam
1031 3946 1265 4015 interpp.
1304 3945 1374 3999 ad
1407 3945 1609 4000 Catull.
1650 3946 1743 4007 IV.
1788 3951 1832 4000 1.
1875 3951 1931 4001 et
1967 3946 2212 4000 Schneid.
2252 3946 2492 4000 Gramm.
2513 3945 2632 3998 Lat.
2671 3945 2712 4004 1,
2758 3950 2800 3999 l.
2837 3961 2892 4014 p.
2935 3948 3077 3997 201.)

721 4046 787 4054 -
822 4013 1013 4070 vilis.
1055 4014 1122 4064 ob
1161 4029 1415 4076 magnam
1452 4014 1656 4093 copiam
1694 4018 1749 4068 et
1783 4014 1889 4069 vile
1925 4017 2174 4083 pretium.
2219 4045 2274 4051 —-
2316 4014 2540 4067 Lentis
2574 4029 2772 4077 magna
2796 4017 3075 4091 praestan-

622 4103 633 4116 ⁶
720 4082 800 4135 tia
834 4082 891 4135 et
925 4080 1081 4151 copia
1113 4077 1261 4149 apud
1301 4082 1595 4150 Aegyptios
1633 4081 1761 4135 «vid.
1801 4081 1941 4136 Plin.
1979 4082 2188 4138 XVIII.
2240 4085 2318 4142 12,
2360 4084 2491 4144 31.);
2533 4097 2696 4150 quare
2732 4080 2971 4148 epitheto
3008 4081 3078 4133 ab

721 4148 957 4217 Aegypti
992 4147 1172 4216 aliqua
1207 4149 1339 4202 urbe
1378 4150 1549 4217 petito
1589 4154 1828 4204 ornatur.
1898 4150 2180 4203 Pelusium
2213 4155 2394 4203 autem
2410 4190 2423 4208 .
2461 4148 2863 4203 celeberrimum
2903 4149 3076 4214 Aegy-

759 4217 803 4269 ti
851 4215 1135 4286 oppidum,
1183 4215 1325 4270 unde
1379 4217 1541 4270 etiam
1586 4222 1762 4270 vestes
1808 4218 2008 4272 linteae
2055 4217 2271 4270 maximi
2305 4217 2462 4284 pretii
2497 4216 2782 4269 veniebant
2821 4214 3073 4283 (Phaedr.

749 4284 792 4346 Ι,
831 4289 887 4344 5.
933 4285 1065 4346 12.),
1115 4282 1182 4337 ad
1224 4287 1522 4338 extremum
1558 4284 1669 4338 Nili
1709 4286 1907 4339 ostium
1946 4284 2205 4338 orientem
2242 4300 2430 4338 versus
2466 4289 2585 4337 erat
2620 4284 2801 4337 situm.
2874 4283 2974 4350 (s'f.
3012 4282 3077 4335 cle

723 4369 784 4406 eo
820 4350 957 4406 liber
991 4366 1145 4406 meus
1186 4367 1355 4420 geogr
1398 4351 1472 4405 Π.
1509 4369 1563 4421 p.
1605 4356 1744 4412 751.)
1802 4353 1923 4406 Huc
1975 4352 2234 4421 imprimis
2270 4352 2401 4405 facit
2439 4351 2673 4405 Martial.
2711 4350 2871 4412 xm.
2920 4359 2976 4406 9.
3031 4355 3074 4403 1.

722 4419 931 4499 Accipe
970 4419 1270 4484 Niliacam,
1311 4419 1539 4473 Pelusia
1581 4436 1821 4488 munera,
1860 4422 2065 4474 lentem.
2110 4450 2173 4458 -
2217 4416 2348 4478 229.
2419 4419 2474 4472 Si
2509 4418 2700 4473 viciam
2741 4435 2914 4472 serere
2954 4437 3076 4473 con-

726 4487 986 4542 stituisti.
1035 4486 1283 4541 idoneum
1332 4487 1543 4541 serendi
1590 4492 1699 4542 tem
1738 4505 1802 4542 us
1847 4488 2143 4543 certissime
2188 4503 2472 4552 cognosc-es
2518 4504 2578 4541 ex
2619 4487 2818 4541 Bootae
2866 4504 3074 4541 occasu.

723 4555 1380 4692 {miissfflsfflt
1398 4555 2406 4679 s?.‘395.1325,2‘3321’3.:ss⁰¹}30ffi¹²⁰fi
2440 4555 2594 4677 ¹3⁵⁶ss
2607 4556 3073 4678 “sfffflffieffl
