3616 5026
569 194 689 258 352
1271 189 1347 255 P.
1388 187 1759 255 VERGILI
1798 185 2195 254 MARONIS

567 352 832 419 Fronde
871 376 1117 420 nemus.
1199 355 1395 419 Redit
1437 353 1745 441 agricolis
1786 353 1978 420 labor
2022 363 2204 418 aetus
2247 353 2317 417 in
2358 352 2581 418 orbem

568 438 781 524 Atque
824 438 891 501 in
935 460 1004 503 se
1043 460 1163 503 sua
1205 460 1323 525 per
1364 438 1646 523 vestigia
1682 436 1967 504 volvitur
2010 459 2235 502 annus,

568 521 670 584 Ao
709 523 840 585 iam
886 520 1060 604 olim,
1106 544 1284 587 seras
1329 521 1550 609 posuit
1587 542 1732 586 eum
1770 522 1965 586 vinea
2006 519 2287 603 frondes,

570 602 882 689 Frigidus
926 613 990 668 et
1036 604 1216 670 silvis
1257 603 1499 692 Aquilo
1540 603 1828 670 decussit
1872 602 2203 686 honorem,

568 686 706 753 Iam
749 699 885 753 tum
926 710 1079 752 acer
1122 710 1311 752 ouras
1356 690 1724 752 venientem
1768 686 2062 752 extendit
2105 690 2171 751 in
2214 708 2451 751 annum
2803 695 2904 746 405

569 768 872 838 Rusticus
915 781 981 836 et
1023 794 1220 839 eurvo
1267 772 1534 837 Saturni
1576 769 1767 837 dente
1811 770 2104 836 relictam

568 1036 684 1093 das.
757 1039 970 1093 Bidens
1012 1039 1179 1101 enim,
1238 1038 1563 1093 Graecorum
1600 1037 1850 1101 δίκελλα,
1915 1038 2157 1106 ligonum
2194 1053 2392 1106 genus,
2458 1036 2600 1106 quod
2634 1053 2695 1090 ex
2730 1035 2904 1090 altera

568 1111 722 1176 parte
758 1107 891 1161 duos
926 1107 1131 1171 dentes,
1179 1122 1239 1160 ex
1275 1106 1450 1161 altera
1485 1109 1665 1161 autem
1705 1124 1750 1159 s.
1787 1123 1822 1160 a
1858 1107 2011 1175 tergo
2047 1105 2214 1159 latius
2251 1107 2454 1159 ferrum
2488 1104 2559 1160 ad
2593 1102 2902 1158 incidendas

608 1174 792 1229 laebas
829 1174 1043 1230 videtur
1076 1174 1343 1229 habuisse.
1378 1174 1465 1228 Cf.
1510 1173 1715 1228 Colum.
1760 1173 1854 1237 Iv,
1901 1178 1979 1237 17,
2016 1177 2066 1227 8.
2113 1172 2324 1228 Pallad.
2363 1173 2408 1238 I,
2448 1178 2530 1240 43,
2570 1177 2614 1227 1.
2660 1170 2808 1231 vm,
2849 1176 2902 1223 5.

615 1242 709 1297 lin.
746 1242 920 1306 XVII,
962 1247 1043 1306 21,
1083 1247 1165 1296 35.
1201 1249 1247 1307 §-
1281 1246 1331 1297 4.
1369 1240 1573 1297 Tibull.
1606 1241 1650 1306 1,
1695 1246 1739 1307 1,
1776 1245 1858 1296 29.
1896 1241 1969 1302 Π,
2010 1245 2057 1300 3.
2097 1244 2142 1295 6.
2185 1245 2289 1296 etc.
2327 1240 2501 1307 Quare
2539 1238 2681 1311 apud
2720 1238 2902 1292 Iuven.

564 1309 666 1370 ΠΙ,
709 1313 821 1365 128.
861 1310 1096 1364 bidentis
1129 1328 1321 1365 amam
1354 1310 1388 1364 i.
1426 1327 1479 1379 q.
1514 1309 1878 1378 agriculturae
1918 1308 2210 1364 studiosus.
2257 1341 2324 1349 ——
2370 1309 2750 1374 Aeternum,
2793 1304 2903 1359 Ad-

567 1378 710 1433 verb.
747 1395 843 1449 pro
878 1378 935 1432 iu
968 1383 1271 1441 aeternum,
1318 1378 1356 1432 i.
1397 1394 1443 1432 e.
1485 1394 1718 1447 semper,
1769 1377 2010 1442 assidue,
2058 1381 2120 1431 ut
2154 1377 2284 1432 Aen.
2326 1377 2419 1441 VI,
2457 1380 2574 1431 401.
2612 1379 2729 1430 617.
2766 1372 2895 1426 Hor.

566 1444 665 1515 Ep.
703 1445 748 1510 Ι,
796 1450 873 1510 10,
910 1450 993 1500 41.
1029 1446 1182 1501 ovid.
1222 1447 1353 1500 Met.
1393 1446 1486 1508 VI,
1526 1448 1644 1500 369.
1682 1445 1883 1500 Tibull.
1919 1446 1993 1510 11,
2036 1449 2084 1507 5,
2126 1448 2208 1500 64.
2250 1449 2351 1500 etc.
2420 1445 2670 1499 Ceterum
2707 1441 2898 1510 Wagn.

565 1513 626 1566 in·
654 1513 785 1567 min.
824 1513 956 1568 edit.
994 1514 1223 1569 lectores
1261 1517 1503 1569 attentos
1538 1512 1672 1567 facit
1704 1513 1773 1568 ad
1811 1529 2060 1568 numeros
2092 1512 2286 1567 horum
2321 1528 2589 1575 versuum,
2630 1511 2822 1580 quibus
2855 1525 2902 1562 v.

566 1585 678 1635 399.
715 1581 1031 1639 assiduitas,
1093 1599 1142 1637 v.
1181 1587 1296 1637 400.
1331 1585 1516 1637 autem
1562 1581 1676 1650 (qui
1719 1581 1929 1635 nullam
1977 1580 2142 1635 habet
2187 1596 2487 1644 caesuram,
2545 1579 2640 1634 sed
2687 1580 2902 1632 tantum

566 1665 788 1719 pausam
822 1649 1087 1704 heroicam
1125 1651 1268 1705 inter
1301 1652 1556 1719 quartum
1592 1652 1648 1702 et
1683 1650 1932 1718 quintum
1967 1648 2178 1718 pedem}
2281 1650 2455 1703 avitas
2489 1647 2687 1701 laboris
2731 1644 2903 1715 expri-

565 1722 763 1771 matur.
825 1749 891 1758 —-
944 1716 1070 1778 401.
1105 1735 1347 1785 nemus,
1383 1718 1420 1772 i.
1459 1734 1504 1771 e.
1542 1716 1715 1771 vinea.
1754 1717 1829 1770 Co
1872 1716 2116 1771 'tandum
2153 1718 2204 1770 vi
2245 1720 2365 1771 etur
2402 1715 2467 1770 de
2503 1732 2648 1770 more
2684 1714 2901 1768 arbores

565 1785 766 1839 vitibus
802 1785 1111 1849 maritandi,
1151 1785 1217 1840 de
1252 1802 1355 1853 quo
1391 1785 1623 1839 diximus
1656 1784 1726 1839 ad
1763 1785 1839 1838 Ee
1865 1827 1878 1840 .
1915 1785 1990 1848 11,
2024 1789 2106 1839 70.
2147 1818 2207 1825 -
2246 1785 2595 1839 levandum
2621 1783 2903 1852 fronde,

567 1853 720 1933 quasi
753 1854 1058 1922 importuno
1090 1869 1261 1915 onere,
1301 1853 1353 1908 h.
1397 1870 1444 1908 e.
1521 1852 1805 1908 utandum.
1844 1853 1925 1907 De
1961 1853 2297 1907 frondatione
2333 1852 2526 1906 vitium
2559 1851 2710 1905 Voss.
2751 1865 2905 1919 prae-

567 1937 740 1990 cipere
775 1921 932 1975 docet
966 1922 1172 1976 Colum.
1210 1922 1274 1985 V,
1316 1927 1363 1982 5,
1404 1925 1451 1977 7.
1484 1870 1583 1984 {L
1625 1924 1673 1975 2.
1712 1920 1812 1976 Cal
1852 1937 1968 1976 uru.
2006 1921 2071 1989 V,
2095 1925 2160 1975 96
2184 1939 2301 1991 sqq.
2338 1919 2479 1974 Plin.
2507 1918 2678 1980 XVII,
2706 1921 2788 1981 23,
2818 1920 2902 1997 35.

566 1993 613 2053 ξ.
650 1991 732 2043 22.
766 1988 969 2052 XVIII,
1009 1994 1092 2052 28,
1129 1993 1211 2043 68.
1250 1992 1306 2044 et
1343 1993 1427 2055 31,
1466 1993 1547 2043 74.
1621 2019 1688 2028 -
1754 2030 1793 2057 ,,
1838 1991 2006 2043 abor
2081 1989 2173 2058 qui
2207 1997 2392 2042 actus
2427 1993 2570 2050 erat,
2620 1986 2800 2039 redit
2837 2003 2905 2037 an

567 2056 786 2110 orbem
819 2057 946 2126 [iam
979 2062 1230 2126 peractus
1266 2074 1384 2111 mox
1432 2056 1606 2112 denuo
1657 2057 1899 2126 agendus
1946 2030 2076 2136 ess-{L
2132 2060 2188 2110 et
2233 2074 2468 2136 avinus,
2524 2055 2579 2108 h.
2632 2071 2676 2109 e.
2725 2069 2906 2133 annua

568 2139 743 2194 opera,
782 2141 994 2178 annuus
1030 2124 1200 2189 labor,
1235 2126 1534 2179 volvitur
1572 2124 1641 2179 in
1675 2143 1766 2193 se,
1813 2123 2043 2178 revolvit
2077 2141 2149 2187 se,
2199 2124 2358 2189 redit,
2406 2142 2526 2178 sua
2552 2140 2678 2195 per
2713 2129 2903 2175 vestz·

565 2192 1063 2326 {rietatem
1095 2193 1557 2315 Pupssfississcffinn‘ss’
1574 2192 2064 2331 qffimissstffii’
2083 2195 2729 2330 ,ἓῗῖἓςῗὲιέῗὶῗῗηῖ
2749 2188 2902 2326 ,1535

567 2327 793 2396 vestigia
836 2318 1007 2382 denuo
1042 2299 1252 2397 sem’fier
1284 2328 1437 2397 legat
1470 2333 1527 2383 et
1563 2329 1790 2383 eundem
1832 2328 2117 2398 quotannis
2165 2345 2379 2383 cursum
2421 2301 2711 2396 reiietat.‘·]
2785 2325 2902 2379 Sua

565 2396 980 2516 :roffi-vestigia
1020 2398 1236 2451 volvere
1281 2396 1368 2477 de·
1392 2395 1832 2532 mundaelssrilus
1879 2397 2197 2533 [apvssagrffi
2213 2396 2411 2518 Victotr.
2457 2396 2498 2449 Ι.
2536 2391 2901 2516 t11.h{qlt‹)33.afii

565 2481 621 2516 m
735 2483 755 2517 z
791 2493 815 2504 -
851 2493 876 2504 -
915 2482 975 2517 m
1007 2483 1110 2519 sua
1141 2482 1171 2518 s
1490 2481 1561 2518 vo
1706 2483 1753 2518 w
2072 2481 2100 2518 r
2332 2480 2360 2518 e
2508 2481 2534 2516 s

567 2535 753 2601 poetae
787 2531 1018 2587 dixere.“
1056 2473 1571 2602 Heyenoegftfyagim
1605 2480 1939 2603 Koenigfmad
1975 2481 2342 2596 Clgudianuinl,
2380 2480 2541 2586 2.p⁰—
2586 2527 2897 2591 403—407.

568 2601 867 2654 Auetumno
903 2606 1085 2655 exacto
1100 2640 1113 2663 ,
1178 2602 1368 2656 statim
1405 2602 1461 2655 in
1499 2604 1813 2671 sequentem
1852 2617 2054 2656 annum
2089 2601 2304 2655 vinitori
2340 2615 2469 2654 eura
2512 2602 2568 2654 et
2613 2614 2773 2668 opera
2816 2613 2902 2650 ex-

568 2666 838 2722 tendenda
871 2671 973 2723 est.
1038 2701 1101 2709 —-
1159 2687 1349 2724 seras
1373 2669 1572 2739 ponit
1606 2669 1859 2735 (amittit)
1895 2686 2035 2722 cum
2066 2669 2261 2722 vinea
2281 2670 2606 2736 frondes,
2654 2682 2790 2736 quae
2830 2663 2898 2719 ad

569 2738 864 2790 extremum
900 2738 1250 2791 auetumnum
1287 2736 1630 2791 duraverant.
1669 2735 1754 2790 cf.
1790 2737 2002 2791 adnott.
2040 2736 2108 2791 ad
2145 2754 2193 2790 v.
2236 2741 2313 2791 14.
2356 2739 2412 2790 et
2444 2736 2514 2790 ad
2550 2734 2650 2797 ΙΠ,
2689 2737 2805 2787 437.
2833 2760 2900 2771 -

568 2805 696 2856 iam
730 2804 888 2857 olim
922 2833 946 2845 -
982 2834 1005 2845 -
1042 2823 1179 2858 cum
1212 2804 1353 2859 idem
1388 2806 1498 2858 fere
1571 2805 1674 2859 uod
1713 2805 1827 2858 iam
1860 2813 1971 2858 tum
2005 2834 2029 2845 -
2066 2834 2089 2845 -
2121 2823 2273 2859 eum·
2334 2820 2497 2874 quare
2540 2819 2592 2856 v.
2636 2806 2755 2856 405.
2788 2802 2900 2855 iam

569 2880 700 2993 εἷς.
713 2871 1511 3010 inmunem-1
1563 2872 2165 2995 ..znd3‘1-153m3533*
2211 2845 2398 2993 Ἦ
2449 2870 2784 3009 mni-..31
2818 2870 2898 2988 221·

604 3007 919 3062 raeteritum
952 2981 1262 3063 futurumve
1296 3013 1510 3078 tempus
1550 3009 1737 3063 referri
1772 3008 1963 3078 possit,
2000 3008 2303 3077 Conington
2337 2980 2519 3062 au⁹te1n
2541 3006 2725 3061 Plaut.
2752 3003 2900 3058 Trin.

566 3024 637 3138 fl,
675 3079 723 3138 4,
767 3077 879 3129 122.
913 3075 1161 3129 Primum
1195 3077 1431 3130 omnium
1465 3076 1598 3130 olim
1629 3085 1778 3131 beffa
1813 3094 1976 3144 quom
2004 3077 2406 3145 proscinditur,
2444 3076 2514 3128 In
2635 3076 2734 3127 'nto

568 3159 669 3211 que
700 3142 853 3197 sulco
888 3145 1197 3197 moriuntur
1231 3145 1407 3198 boves.
1444 3144 1528 3198 cf.
1564 3145 1729 3198 etiam
1765 3144 1908 3197 infra
1940 3142 2069 3198 Geo,
2104 3144 2204 3208 111,
2246 3148 2360 3199 303.
2406 3174 2473 3183 -
2517 3140 2557 3201 4
2595 3141 2650 3200 4.
2687 3140 2747 3193 si
2784 3156 2903 3194 vae

569 3215 697 3264 sunt
731 3211 957 3265 arbusta
1002 3211 1204 3265 vitibus
1245 3212 1460 3290 iugata;
1523 3212 1627 3265 nisi
1679 3212 1891 3265 omnino
1939 3211 2155 3266 arbores
2199 3211 2475 3265 silvestres
2518 3206 2902 3275 intelligendae

568 3283 710 3332 sunt.
747 3278 827 3333 De
862 3279 1017 3334 vinea
1055 3281 1192 3334 euim
1233 3295 1324 3358 qui
1358 3278 1640 3348 intelligit,
1677 3280 1844 3359 mirae
1871 3278 2203 3358 tautologiae
2219 3285 2504 3349 patronum
2524 3295 2581 3332 se
2600 3273 2901 3397 ffi⁰fioet¹²¹²

569 3346 833 3399 Arborum
886 3350 1068 3401 autem
1113 3347 1242 3401 folia
1290 3363 1345 3400 m
1389 3346 1583 3401 Italiae
1631 3364 1688 3401 re
1730 3347 1938 3401 'ombus
1985 3345 2227 3402 decidere
2271 3346 2449 3400 solent
2497 3363 2568 3400 m.
2669 3343 2905 3399 ovembn

569 3412 727 3477 (Plin.
763 3412 906 3477 XVI,
945 3418 1026 3476 22,
1065 3418 1146 3469 36.
1182 3414 1381 3477 XVIII,
1409 3417 1491 3478 25,
1521 3416 1628 3473 60.)
1665 3430 1692 3468 e
1754 3414 2039 3469 Decembri
2077 3415 2227 3478 (Hor.
2250 3413 2350 3469 Od.
2379 3414 2476 3476 111,
2508 3416 2694 3476 18,14.
2732 3410 2903 3480 Epod.

568 3480 662 3543 XI,
705 3484 794 3541 8.).
841 3480 926 3536 Cf.
963 3482 1115 3535 Voss,
1178 3512 1237 3521 —
1299 3482 1512 3536 honor
1546 3483 1718 3551 poetis
1755 3481 1902 3536 haud
1938 3498 2058 3537 raro
2096 3482 2293 3537 dieitur
2331 3481 2396 3537 de
2433 3480 2715 3536 frondibus
2748 3479 2903 3533 arbo-

569 3565 712 3613 rum,
776 3564 912 3617 quae
954 3549 1020 3603 iis
1068 3553 1196 3604 sunt
1229 3555 1542 3604 ornamento
1587 3560 1657 3614 (v.
1701 3568 1747 3605 c.
1784 3550 1915 3604 Hor.
1949 3549 2115 3619 Epod.
2152 3550 2246 3613 XI,
2284 3552 2331 3605 6.
2388 3550 2705 3617 (December
2748 3546 2908 3600 silvie

571 3616 828 3671 honorem
860 3618 1104 3682 decutit.)
1146 3617 1264 3672 Val.
1303 3617 1389 3672 ΡΙ.
1427 3617 1521 3677 VI,
1562 3621 1676 3672 296.
1722 3617 1878 3672 Ovid.
1915 3618 1981 3672 A.
2018 3617 2083 3673 A.
2119 3618 2221 3681 ΙΙΙ,
2264 3621 2432 3681 392.),
2527 3617 2694 3672 ariter
2730 3632 2796 3669 ue
2839 3613 2904 3667 de

570 3683 787 3738 floribus
844 3683 985 3739 Stat.
1024 3684 1190 3740 Theb.
1226 3685 1291 3749 X,
1331 3689 1447 3741 788.
1483 3684 1579 3740 Sil.
1613 3685 1716 3747 ΠΙ,
1754 3690 1893 3751 487.)
1932 3688 1988 3740 et
2021 3686 2270 3755 frugibus
2308 3686 2457 3752 (Hor.
2542 3685 2594 3740 d.
2623 3684 2667 3747 1,
2734 3687 2780 3745 7,
2822 3685 2903 3735 16.

568 3752 659 3808 ubi
693 3751 800 3806 vid.
913 3752 1015 3807 ntl.
1052 3756 1107 3806 et
1141 3753 1477 3818 Mitseherl.),
1520 3753 1774 3808 Ceterum
1807 3753 2063 3808 Varronis
2099 3753 2241 3808 huno
2276 3769 2489 3808 versum
2523 3770 2654 3815 esse,
2692 3750 2907 3806 Servius

570 3821 821 3874 testatur.
863 3820 967 3886 (Cf.
1003 3820 1248 3876 Wernsd.
1288 3820 1441 3876 Poet.
1480 3821 1538 3876 L.
1564 3822 1692 3876 min.
1722 3821 1786 3885 V,
1821 3824 1989 3883 1411.)
2024 3820 2281 3876 Imitatur
2315 3838 2453 3885 eum,
2491 3820 2585 3875 sed
2620 3818 2907 3874 infeliciter

569 3886 882 3941 Marklaudo
927 3888 1123 3951 iudice,
1178 3889 1317 3943 Stat.
1355 3888 1486 3943 silv,
1523 3888 1567 3949 1,
1604 3892 1653 3951 2,
1699 3893 1811 3943 154.
1851 3889 1941 3953 (ab
1979 3889 2151 3959 Heyn.
2188 3889 2360 3949 laud.)
2406 3889 2491 3943 his
2533 3888 2734 3943 verbis:
2789 3885 2906 3938 Ea·
2971 3927 2980 3933 .

573 3955 797 4009 cludunt
831 3958 1026 4010 radios
1058 3956 1216 4010 silvis
1254 3959 1482 4010 dec-amaa
1517 3957 1738 4010 vetantis
1770 3956 2033 4025 Friqora.
2106 3956 2258 4011 Adde
2305 3957 2525 4011 Anthol.
2562 3958 2680 4010 Lat.
2716 3953 2902 4009 Burm.

570 4022 633 4084 V,
674 4025 756 4081 62.
793 4027 840 4077 4.
887 4026 1092 4078 decutit
1124 4025 1239 4094 ipse
1271 4026 1431 4090 riqor
1462 4024 1620 4078 silvis
1653 4025 1908 4078 hiemalis
1940 4026 2214 4079 honorem.
2275 4055 2336 4064 —-
2397 4024 2527 4086 405.
2574 4024 2710 4076 Iam
2756 4030 2904 4075 tum.

569 4088 652 4144 cf.
690 4089 879 4157 Wagn.
917 4093 1016 4158 Qu.
1055 4092 1201 4160 virg.
1238 4079 1432 4154 mv,
1473 4096 1520 4145 6.
1558 4098 1614 4146 et
1647 4093 1857 4146 adnott.
1900 4092 1970 4146 ad
2004 4092 2119 4147 Eel.
2156 4093 2257 4149 111.
2301 4097 2374 4147 ιο.
2415 4123 2478 4132 -
2511 4091 2641 4151 406.
2681 4090 2906 4143 Ram·-

570 4176 681 4211 cus
715 4160 799 4213 est
831 4159 1044 4223 vinitor,
1081 4164 1145 4214 ut
1177 4160 1321 4229 apud
1356 4159 1551 4214 Tibun.
1590 4159 1633 4221 1,
1669 4164 1710 4224 1,
1740 4165 1787 4215 7.
1824 4162 1952 4231 Ipse
1983 4179 2164 4215 seram
2199 4169 2410 4215 teneras
2427 4168 2642 4213 namuro
2668 4167 2907 4228 tempore

570 4227 704 4280 vites
737 4225 1011 4281 Rusticus.
1050 4258 1114 4289 —,
1149 4246 1330 4293 acer,
1368 4228 1614 4297 diligens,
1651 4228 1821 4282 labori
1860 4244 1967 4282 non
2003 4245 2241 4297 parcens.
2304 4258 2372 4267 —
2430 4230 2584 4282 dens
2623 4226 2909 4281 Saturni

571 4296 654 4349 est
686 4292 797 4347 falx
830 4295 1212 4365 amputatoria,
1250 4297 1384 4350 satis
1418 4300 1608 4351 notum
1642 4295 1802 4350 huius
1839 4297 1924 4351 dei
1959 4296 2168 4365 insigne
2205 4297 2256 4363 (ἡ
2292 4297 2485 4362 ἅρπη),
2525 4312 2627 4364 quo
2652 4312 2756 4349 non
2788 4298 2904 4349 tam

570 4360 914 4417 alludebatur
947 4363 1017 4417 ad
1056 4364 1262 4418 facinus
1297 4363 1397 4418 hae
1431 4364 1571 4418 faloe
1604 4363 1659 4417 in
1694 4369 1906 4433 patrem
1944 4366 2286 4419 commissum
2323 4363 2413 4427 nef.
2449 4362 2664 4417 Hesiod.
2705 4362 2903 4429 Theog.

578 4433 669 4483 163
704 4446 818 4500 sqq.
859 4433 917 4485 et
948 4430 1166 4486 Servius
1199 4432 1267 4487 ad
1308 4431 1359 4487 h.
1395 4431 1473 4497 1.),
1524 4448 1683 4501 quam
1717 4433 1900 4500 potius
1936 4431 2067 4486 deus
2101 4438 2214 4488 tam
2252 4448 2378 4484 uam
2414 4431 2627 4486 adiutor
2661 4430 2904 4485 culturae

573 4511 850 4614 ffmomm
883 4500 940 4552 et
973 4498 1162 4553 vitium
1200 4500 1623 4570 significabatur.
1659 4499 1914 4554 Iuvenale
1949 4504 2166 4555 auctore
2335 4540 2348 4560 ‚
2377 4502 2457 4555 39.
2495 4502 2550 4563 (a
2573 4498 2906 4566 Coningtone

628 4562 738 4631 ud.)
775 4564 1039 4619 Saturnus
1071 4566 1286 4621 demum
1321 4583 1485 4634 regno
1520 4566 1782 4635 spoliatus
1821 4583 1935 4621 eam
1975 4567 2274 4637 prehendit.
2335 4566 2414 4621 De
2449 4566 2587 4622 faloe
2618 4566 2904 4621 vinitorum
