3616 5026
577 212 691 275 148
1271 208 1347 274 Ρ.
1395 205 1766 274 VERGILI
1804 205 2208 276 MARONIS

568 372 710 436 Has
755 373 903 439 olim
948 377 1218 439 exuvias
1273 374 1432 439 mihi
1485 373 1770 461 perfidus
1830 372 1941 438 ille
1979 373 2260 462 reliquit,
2841 391 2908 439 90

567 455 854 540 Pignora
911 480 1066 522 cara
1101 459 1198 522 sui
1217 506 1233 538 ‚
1291 479 1457 545 quae
1500 478 1670 521 nunc
1712 478 1835 542 ego
1879 456 2101 523 limine
2141 461 2208 523 in
2250 460 2413 545 ipsc,

568 536 805 620 Terra,
845 539 965 606 tibi
1008 540 1279 622 mand03
1336 538 1575 605 debent
1626 539 1788 604 haec
1838 542 2118 627 pignora
2155 541 2511 628 Daphnim.

725 647 787 701 g.
827 623 1066 689 Ducite
1108 623 1190 688 ab
1233 623 1394 688 urbe
1443 622 1721 705 domum,
1765 645 1914 689 mea
1958 624 2531 700 carmina‚·ducite
2552 622 2905 709 Daphnim.

564 702 704 770 Has
763 706 999 771 herbas
1052 719 1245 794 atque
1286 705 1698 772 haec.Ponto
1744 706 1904 771 mihi
1947 706 2118 771 lecta
2159 730 2409 773 venena

562 787 593 851 I
645 812 711 853 se
756 789 934 855 dedit
974 789 1216 856 Moeris
1259 826 1340 837 —-
1383 799 1738 854 nascuntur
1778 789 2063 877 plurima
2104 790 2314 856 Ponto
2353 814 2468 867 —3
2840 801 2905 850 95

631 874 688 936 is
731 895 850 958 ego
897 895 1091 959 saepe
1129 873 1353 960 lupum
1394 873 1536 937 fieri
1589 884 1652 938 et
1695 895 1763 938 se
1808 873 2088 938 condere
2133 873 2311 940 silvis

565 953 869 1041 Moerim,
934 979 1129 1042 saepe
1158 958 1409 1022 animas
1452 957 1603 1021 imis
1644 958 1865 1022 excire
1911 957 2270 1043 sepulchris

561 1101 613 1107 ——
648 1103 657 1106 -
740 1103 873 1110 ⁶..--

564 1174 667 1236 m,
704 1178 820 1238 393,
860 1178 907 1229 3.
945 1184 996 1229 et
1023 1194 1129 1246 per
1154 1184 1329 1246 prata
1358 1176 1637 1229 tavena-ima
1656 1174 1899 1229 Mentem
1914 1177 2142 1247 perdita
2167 1177 2454 1245 quaesitat.
2477 1207 2544 1216 --
2566 1192 2686 1230 nee
2719 1193 2905 1230 serae

564 1261 632 1297 m.
655 1244 970 1297 decedere
1003 1245 1205 1311 nocti,
1278 1244 1394 1296 uasi
1429 1243 1498 1296 ab
1537 1259 1601 1296 ea
1639 1243 1824 1297 cedere
1861 1245 2036 1304 iussa;
2071 1245 2276 1312 poetice
2311 1260 2407 1312 pro
2441 1260 2567 1299 sera
2602 1250 2758 1297 noete
2779 1246 2903 1297 red-

562 1312 662 1363 ire.
733 1311 976 1380 Sumpsit
1014 1317 1194 1365 autem
1288 1311 1501 1364 acrobio
1534 1314 1676 1364 teste
1710 1310 1822 1365 Sat.
1859 1311 1961 1373 vl,
2018 1315 2066 1363 2.
2105 1310 2184 1376 (Τ.
2221 1311 2293 1365 11.
2329 1328 2381 1391 p.
2424 1313 2536 1365 167.
2575 1311 2711 1381 Βίρ.)
2746 1317 2904 1380 poeta

564 1378 704 1432 hunc
742 1395 953 1433 versum
989 1395 1048 1434 ex
1075 1379 1223 1433 Varii
1253 1378 1504 1438 carmine.
1544 1378 1633 1448 qui
1669 1378 1734 1432 de
1774 1394 1906 1432 cane
1941 1394 2127 1433 cervae
2159 1379 2404 1447 vestigiis
2438 1379 2722 1434 insistente
2758 1378 2902 1433 dixe-

564 1451 673 1500 rat:
731 1447 904 1507 „Non
937 1464 1118 1501 amnes
1155 1446 1315 1500 illam
1345 1446 1530 1511 medii,
1564 1464 1677 1501 non
1712 1448 1897 1500 ardua
1930 1448 2175 1514 tardant,
2213 1446 2447 1500 Perdita
2479 1464 2577 1501 nee
2607 1464 2763 1500 serae
2796 1464 2903 1499 me-

560 1514 719 1567 mimz
768 1516 1024 1568 decedere
1071 1515 1274 1569 nocti.“
1344 1515 1622 1567 Dec-edere
1660 1517 1844 1567 autem
1886 1531 2040 1568 serae
2076 1515 2228 1567 nocti
2262 1513 2422 1583 (quod
2459 1513 2601 1568 redit
2636 1514 2762 1569 Grec.
2798 1514 2899 1578 ΠΙ,

561 1584 701 1638 467.)
747 1585 831 1635 est
875 1582 1046 1636 vitare
1086 1583 1257 1650 frigus
1290 1586 1628 1636 nocturnum.
1698 1581 1784 1635 Sic
1812 1581 1978 1635 etiam
2018 1582 2201 1635 calori
2232 1584 2493 1636 decedere
2524 1581 2650 1636 Ge0.
2689 1582 2780 1645 IV,
2818 1586 2901 1636 23.

562 1649 862 1719 Conington
899 1651 1230 1719 suspicatur,
1278 1654 1336 1704 et
1369 1649 1589 1703 Varium
1634 1651 1691 1702 et
1726 1650 2001 1703 Maronem
2036 1649 2266 1704 fortasse
2301 1665 2561 1703 memores
2594 1649 2762 1704 fuisse
2799 1649 2900 1702 loci

565 1717 720 1770 Hom.
755 1718 823 1771 11.
862 1717 1012 1774 Vm.
1050 1722 1165 1772 502.
1209 1717 1396 1772 πειθώ
1451 1723 1559 1770 coa
1601 1721 1758 1769 νυκτὶ
1790 1720 2046 1789 μελαίνῃ.
2082 1747 2149 1756 —
2186 1715 2278 1776 90.
2338 1717 2419 1770 Cf.
2455 1715 2670 1772 Theocr.
2709 1717 2781 1780 Π,
2819 1722 2900 1772 53.

562 1790 618 1839 et
655 1784 802 1839 locus
836 1785 1142 1839 simillimus
1175 1787 1307 1840 Aen.
1424 1826 1436 1849 ,
1474 1789 1572 1838 495
1608 1800 1745 1853 sqq..
1781 1784 1876 1838 ubi
1912 1800 2066 1839 sacra
2098 1785 2307 1864 magica
2339 1800 2373 1838 a
2406 1784 2612 1839 Didone
2647 1785 2900 1838 instituta

561 1858 896 1907 enarrantur.
932 1885 996 1893 -—
1037 1854 1338 1907 exuvias:
1394 1857 1571 1906 vestes
1620 1851 1866 1921 intellige
1914 1868 1948 1906 a
1988 1851 2270 1921 Daphnide
2313 1851 2557 1916 relictas;
2611 1868 2735 1905 nam
2786 1869 2899 1905 voc.

560 1921 763 1982 exuvia,
801 1922 871 1974 ab
905 1938 1045 1974 exuo
1080 1921 1408 1975 derivatum.
1452 1919 1655 1981 omnia,
1729 1936 1830 1973 uae
1869 1920 1989 1988 quis
2025 1920 2196 1983 exuit,
2233 1920 2529 1988 significat,
2603 1936 2756 1980 nare,
2794 1921 2897 1974 etsi

561 1988 871 2108 ί’ἱξεῖτιιιιιφιθ
908 1988 974 2042 de
1009 1989 1147 2042 corio
1183 1989 1389 2043 bestiae
1425 1987 1586 2041 alicui
1632 1987 1698 2041 de
1819 1991 1901 2051 to,
1949 1990 2047 2041 aut
2091 1987 2157 2040 de
2200 1986 2401 2057 praeda
2435 1986 2579 2041 hosti
2617 2004 2682 2041 us
2715 1990 2900 2056 erepta

602 2055 784 2118 citur,
835 2056 1108 2110 interdum
1146 2060 1322 2111 tamen
1363 2056 1529 2111 ctiam
1564 2059 1741 2109 vestes
1776 2055 1843 2109 de
1882 2055 2050 2109 ositas
2086 2055 2318 2118 indicat,
2364 2057 2429 2108 ut
2461 2056 2593 2110 Aen.
2625 2054 2727 2118 IV,
2778 2058 2895 2109 496.

560 2128 673 2178 507.
722 2128 838 2178 651.
874 2123 1057 2178 Plaut.
1096 2125 1236 2179 Men.
1276 2125 1328 2188 I,
1390 2129 1446 2186 3,
1507 2127 1556 2178 9.
1593 2126 1696 2176 etc.
1731 2153 1798 2164 --
1869 2123 2070 2176 imine
2102 2122 2169 2175 in
2205 2123 2366 2194 ipso.
2440 2121 2701 2185 „Liminis
2738 2122 2899 2176 solle-

561 2192 699 2245 mnis
734 2192 935 2246 mentio
970 2193 1025 2246 in
1064 2193 1274 2261 poetica
1307 2192 1561 2254 oratione,
1603 2207 1720 2244 cum
1747 2193 1845 2244 aut
1874 2190 2257 2254 admittuntur,
2296 2195 2394 2245 aut
2419 2189 2638 2244 admitti
2656 2191 2895 2259 cupiunt,

557 2265 649 2312 aut
686 2259 1042 2315 excluduntur
1078 2263 1380 2314 amantes.“
1416 2262 1591 2327 Heyu.
1630 2288 1696 2298 ·--
1732 2256 1821 2317 91.
1861 2258 2161 2326 Pignora
2194 2258 2323 2320 sui,
2367 2258 2449 2311 sui
2485 2274 2616 2326 erga
2647 2274 2732 2312 me
2752 2274 2897 2312 amo-

561 2327 649 2390 ris,
703 2343 839 2396 quae
885 2328 997 2381 eius
1040 2327 1273 2382 reditum
1318 2326 1447 2380 mihi
1494 2326 1813 2395 obligarent.
1868 2358 1926 2366 —
1973 2323 2065 2386 92.
2110 2327 2340 2379 debent
2376 2325 2512 2388 (scil.
2548 2325 2704 2386 milei)
2739 2326 2898 2379 haec

609 2395 847 2462 ignora
882 2396 956 2449 l).
1030 2395 1358 2465 „Exspectat
1400 2394 1499 2448 hoc
1544 2410 1578 2447 a
1618 2392 1845 2447 defossis
1894 2394 1996 2447 sub
2038 2393 2222 2447 limine
2267 2393 2533 2455 vestibus,
2586 2396 2648 2446 ut
2690 2392 2759 2447 ad
2805 2410 2894 2447 eas

550 2412 796 2532 ssaphnis
831 2462 917 2517 vel
955 2463 1153 2518 invitus
1190 2462 1516 2519 retrahatur.
1590 2461 1834 2516 variavit
1871 2459 2238 2516 Theocriteam
2284 2461 2545 2515 rationem
2592 2459 2632 2513 l.
2667 2461 2705 2517 1.
2743 2476 2791 2516 v.
2829 2465 2894 2513 53

556 2531 1106 2652 εᾳᾶἕέωεᾳ.ἶ·ᾱΙ-Ιξῃπέ
1140 2530 1629 2650 Debemuslalteri‚
1665 2546 1801 2649 qual}
1836 2545 1911 2649 εἰ
1934 2528 2234 2609 conditione
2270 2530 2340 2583 ab
2374 2530 2797 2650 eortssccepimuffi
2834 2534 2896 2582 ut

556 2614 709 2743 {fiam
754 2615 882 2746 1351}
933 2615 1082 2720 3253}
1126 2607 1475 2746 ssgmaelfi
1506 2612 2041 2743 &Psebtffi’
2068 2614 2179 2719 3³02}
2212 2612 2895 2744 ffissmpoemfflffissgss

558 2737 719 2787 etiam
754 2737 928 2787 utitur
963 2735 1206 2789 verbems
1242 2752 1285 2790 s.
1325 2733 1506 2788 herbis
1550 2736 1855 2795 venenatis,
1902 2748 2128 2802 quarum
2174 2748 2283 2785 vim
2328 2748 2434 2785 iam
2483 2735 2645 2786 antea
2680 2736 2899 2801 experta

556 2804 658 2855 est.
692 2832 759 2841 —
794 2802 912 2855 has
944 2803 1181 2856 herbas
1214 2809 1281 2855 at
1332 2817 1408 2855 ue
1440 2803 1599 2856 haee
1629 2818 1900 2862 venena,
1953 2799 2014 2853 ἓν
2051 2799 2146 2853 διὰ
2181 2800 2357 2865 δυοῖν,
2394 2815 2489 2869 pro
2525 2798 2703 2853 herbis
2739 2815 2895 2853 vene-

556 2868 716 2923 nat-is.
756 2869 839 2923 Cf.
866 2873 978 2923 not.
1003 2869 1071 2923 ad
1095 2870 1220 2923 Gen.
1242 2820 1458 2931 113192.
1484 2900 1549 2909 --
1573 2868 1856 2922 Lectain
1878 2867 2091 2921 Ponto
2128 2883 2372 2921 venena
2394 2870 2894 2928 commemorantur,

554 2936 1289 3058 quianedpa.spobilitzsima
1306 2935 1688 3058 aiffnfificabilpi
1711 2933 2594 3057 Iliabligavgm}fi⁸21emgdlffeii1⁶rbi⁸
2615 2936 2893 3056 vgigfnffitgs

555 3019 654 3057 usa
710 3020 880 3058 uera.
936 3021 1095 3058 ..m
1257 3045 1269 3056 .
1466 3021 1540 3058 or.
1665 3045 1676 3057 .
1771 3044 1784 3067 ,
1896 3044 1908 3065 ‚
1982 3044 1994 3055 .
2090 3021 2248 3056 onus
2546 3019 2604 3055 ro
2740 3019 2769 3056 c
2864 3019 2893 3057 e

555 3072 644 3131 (cf.
682 3071 864 3126 luven.
901 3072 1052 3130 XIV,
1095 3021 1298 3126 loffpet
1330 3071 1440 3126 Cic.
1475 3071 1660 3124 Manil.
1703 3077 1762 3138 9,
1817 3074 1942 3131 22.),
2002 3072 2066 3123 ut
2100 3069 2242 3140 apud
2300 3069 2428 3123 Hor.
2557 3068 2642 3123 od.
2687 3071 2759 3131 V,
2808 3074 2892 3123 21.

552 3138 754 3193 Iberia.
825 3139 908 3192 Cf.
946 3139 1073 3193 ibid.
1111 3157 1159 3193 v.
1197 3143 1279 3192 62.
1317 3137 1471 3192 Ovid.
1509 3138 1660 3192 Rem.
1699 3155 1747 3190 ν.
1785 3141 1902 3191 261.
1940 3141 1998 3191 et
2029 3136 2239 3191 Dissen.
2279 3136 2348 3191 ad
2385 3136 2486 3190 Tib
2573 3179 2584 3191 .
2623 3138 2680 3200 Ι,
2722 3141 2770 3197 2,
2811 3142 2893 3192 54.

551 3205 803 3260 Ceterum
838 3210 987 3260 totus
1022 3206 1108 3260 hic
1146 3223 1328 3260 versus
1364 3207 1595 3259 iteratur
1617 3222 1650 3259 a
1684 3204 1913 3273 Vergilii
1946 3205 2220 3259 imitatore
2255 3205 2311 3258 in
2343 3204 2510 3259 Anth.
2546 3205 2665 3258 Lat.
2705 3205 2891 3259 Burin.

549 3272 595 3335 Ι,
637 3278 757 3333 178,
812 3278 921 3327 176.
956 3306 1022 3315 -
1091 3274 1180 3335 95.
1213 3274 1247 3326 1
1301 3291 1366 3326 se
1411 3290 1532 3327 cum
1569 3273 1857 3343 dignitatis
1893 3275 1949 3326 et
1985 3272 2315 3327 reverentiae
2351 3273 2569 3327 notione
2606 3276 2690 3337 (ut
2724 3273 2888 3327 etiam

548 3343 679 3395 Aen.
703 3341 777 3405 Π,
813 3345 929 3395 394.
949 3341 1049 3396 m.
1070 3346 1185 3395 656.
1266 3383 1278 3398 .
1307 3344 1421 3395 249.
1450 3341 1619 3402 alibi),
1696 3357 1796 3394 uae
1821 3340 2001 3410 prodit
2026 3356 2054 3394 e
2079 3338 2450 3419 distinguendi
2471 3343 2740 3408 potestate
2763 3340 2888 3395 huic

548 3406 854 3463 Pronomini
888 3410 1101 3478 propria
1139 3412 1226 3463 «cf.
1261 3409 1473 3462 adnott.
1510 3408 1578 3462 ad
1604 3358 1797 3470 1⁴:33,
1841 3411 1975 3469 38.);
2010 3407 2165 3461 nulla
2198 3424 2336 3462 emm
2374 3423 2431 3461 re
2467 3408 2639 3476 magis
2663 3407 2804 3462 inter
2832 3426 2889 3462 se

549 3474 959 3546 distinguuntur
1004 3477 1269 3537 homines,
1351 3492 1478 3530 uam
1521 3475 1805 3544 dignitate.
1877 3474 1998 3528 Vid.
2043 3475 2234 3544 Wagn.
2275 3474 2377 3540 Qu.
2413 3474 2563 3544 Virg.
2599 3474 2796 3529 XVIII.
2835 3494 2886 3545 p.

547 3548 645 3596 465
686 3562 712 3597 s
755 3585 792 3601 ..
841 3545 930 3614 qui
979 3545 1157 3608 docet,
1242 3561 1334 3614 rop
1398 3559 1486 3598 rea
1528 3543 1629 3597 hoc
1661 3543 1821 3597 Pron.
1870 3558 1961 3597 sae
1999 3542 2181 3597 issime
2225 3543 2365 3596 Iovis
2415 3542 2616 3595 nomini
2666 3543 2885 3612 adiungi

550 3610 696 3671 (Geo.
758 3611 833 3673 V,
875 3616 984 3667 149.
1019 3614 1149 3666 Aen.
1185 3562 1294 3671 ὥ,
1345 3614 1459 3664 222.
1497 3611 1632 3666 XII.
1674 3614 1785 3665 725.
1823 3642 1889 3651 -
1975 3628 2052 3664 eo,
2088 3610 2139 3673 Ι,
2192 3614 2306 3664 121.
2343 3612 2458 3664 328.
2494 3610 2623 3664 Aen.
2660 3610 2731 3667 11.
2769 3613 2885 3666 617.

547 3677 639 3743 IV,
677 3681 775 3731 268
813 3696 929 3749 sqq.
966 3681 1089 3741 etc.)
1126 3680 1443 3749 omninoque
1481 3680 1699 3733 deorum
1746 3679 1899 3745 (Aen.
1945 3677 2069 3739 Vn,
2111 3682 2226 3732 327.
2266 3678 2367 3739 ΙΧ,
2424 3680 2530 3737 82.)
2588 3681 2644 3732 et
2698 3694 2884 3747 regum

546 3744 846 3815 ducumque
884 3748 1186 3801 nominibus
1223 3749 1376 3815 (Aen.
1416 3746 1475 3810 Ι,
1511 3751 1628 3799 575.
1665 3747 1747 3807 Π,
1795 3748 1905 3801 146.
1942 3745 2036 3807 IV,
2081 3750 2190 3800 141.
2225 3746 2275 3799 V
2336 3748 2449 3799 132.
2486 3748 2603 3799 249.
2641 3744 2760 3807 vn,
2798 3750 2881 3800 92.

551 3815 661 3867 187.
697 3818 847 3875 etc),
885 3818 1047 3883 atque
1087 3815 1219 3869 adeo
1254 3814 1578 3869 animalibus
1682 3831 1836 3878 egem
1871 3813 2191 3867 ducentibus
2229 3787 2362 3875 (13501.
2400 3811 2511 3892 lII,
2551 3817 2645 3893 95..
2668 3814 2797 3868 Aen.
2838 3813 2881 3875 Ι,

552 3884 701 3937 Isth).
771 3881 852 3934 Cf.
889 3883 1053 3936 etiam
1087 3882 1250 3936 Orell.
1290 3883 1360 3936 ad
1398 3882 1526 3937 Hor.
1567 3882 1612 3937 O
1655 3923 1667 3935 .
1705 3882 1784 3943 11,
1825 3885 1873 3945 8,
1916 3885 1994 3934 13.
2032 3881 2229 3935 Moer
2245 3883 2302 3935 is
2342 3881 2527 3949 igitur,
2565 3896 2713 3934 cuius
2754 3880 2883 3935 alibi

544 3965 646 4000 non
691 3948 756 4001 fit
797 3949 1024 4013 mentio,
1066 3966 1306 4003 summus
1350 3966 1539 4016 magus
1579 3954 1638 4004 et
1670 3951 1935 4004 veneficus
1970 3947 2265 4004 habendus.
2302 3980 2366 3987 —-
2402 3948 2654 4003 Ceterum
2688 3949 2755 4002 W
2868 3991 2879 4002 .

548 4015 663 4069 Vol.
707 4015 768 4069 V.
806 4020 859 4070 et
897 4015 1150 4072 Ribbeck.
1186 4018 1471 4071 ediderunt
1499 4017 1779 4089 pluruma.
1815 4016 1936 4071 Vid.
1973 4032 2136 4085 supra
2169 4017 2239 4070 ad
2279 4015 2391 4069 Ecl.
2427 4014 2508 4077 Π,
2565 4021 2645 4071 54.
2683 4045 2748 4055 -
2867 4057 2877 4068 .

544 4082 755 4151 Mag-ica
781 4100 917 4153 quae
940 4088 1238 4155 sequuntur
1265 4085 1528 4140 miracula
1543 4086 1894 4153 comprobant
1922 4100 2244 4138 venenorum
2264 4084 2532 4138 effectum.
2552 4115 2617 4123 —
2641 4084 2748 4136 hie
2783 4085 2880 4137 lu·

538 4168 689 4219 pum
770 4153 904 4205 ieri
934 4159 999 4205 et
1040 4169 1108 4205 ee
1152 4155 1446 4207 condere
1484 4152 1708 4218 silvis,
1762 4153 1796 4206 i.
1848 4170 1894 4207 e.
1949 4152 2033 4205 his
2068 4151 2256 4221 lupum
2291 4154 2498 4206 factum
2533 4168 2590 4205 se
2624 4151 2876 4215 condere;

542 4233 667 4271 nam
743 4219 790 4272 ia
823 4220 1059 4289 pertinet
1092 4219 1308 4288 quidem
1343 4219 1412 4274 ad
1449 4222 1473 4275 l
1619 4239 1638 4272 ι
1658 4222 1820 4287 fieri,
1873 4223 1938 4273 ut
1975 4218 2044 4273 ad
2084 4235 2141 4273 se
2219 4261 2231 4274 .
2265 4220 2444 4274 excire
2480 4221 2536 4272 et
2561 4222 2876 4299 ‘traduces-e,

543 4288 1405 4471 ggffi‘ssmctdmgzssfflffl·
1419 4304 1572 4409 ἐξ..
1592 4286 1931 4435 Ἠήὲῗᾝξξῑ
1968 4289 2052 4433 ῗξῖ·
2067 4291 2165 4409 2‘3‘9
2200 4284 2604 4433 2⁸53¹tfi²¹¹97³s¹¹
2646 4286 2876 4409 om

608 4437 733 4498 agn.
777 4423 995 4492 scripsit
1039 4422 1125 4477 hic
1171 4427 1228 4477 et
1270 4421 1383 4476 Ecl.
1426 4422 1531 4483 IX,
1582 4426 1659 4475 53.
1724 4422 1916 4502 Medic.
1966 4421 2205 4502 ahosque
2280 4438 2408 4476 onos
2440 4419 2606 4476 hbros
2642 4426 2873 4504 secutus

540 4485 1180 4633 ffsstffiffi‘ffhbffii.
1199 4494 1279 4619 ³1²(
1302 4489 1473 4618 2‘3‘4‘7'1
1507 4493 1914 4633 &ridss‘i‘nss‘ff
1924 4508 1998 4619 ἶῗ
2031 4506 2126 4611 ιῗ
2137 4507 2278 4612 siff.
2312 4505 2476 4610 ‘'th'ssf
2486 4489 2749 4614 ‘1⁶1'1‘T331,
2772 4490 2871 4679 ἐξὲξ

539 4621 630 4674 ubi
669 4622 773 4675 vid.
812 4624 1007 4685 Sobel..
1046 4625 1223 4679 Seuec.
1259 4623 1446 4692 Oedip.
1482 4629 1595 4678 568.
1634 4624 1852 4679 Lucian.
1889 4624 2232 4694 Philopseud.
2280 4641 2323 4679 c.
2375 4630 2450 4679 13.
2496 4628 2596 4679 etc.
2670 4625 2821 4696 Sepu
2844 4655 2867 4666 -
