3616 5026
1463 240 1993 313 GEORGICON
2020 244 2190 312 LIB.
2232 246 2344 314 rV.
2961 253 3075 314 501

744 405 835 472 Et
878 406 1144 473 diversa
1184 432 1378 477 ruens
1422 420 1666 498 septem
1708 410 2013 477 discurrit
2053 412 2121 477 in
2162 435 2279 478 ora

747 490 973 580 Usque
1017 490 1321 560 coloratis
1363 496 1574 560 amnis
1616 494 1903 561 devexus
1944 494 2028 561 ab
2068 495 2271 580 Indis,

743 728 854 782 dis
884 736 1149 799 urguet,
1210 730 1264 784 h.
1301 745 1349 786 e.
1385 731 1455 786 ab
1490 745 1555 786 ea
1586 732 1765 800 parte,
1806 747 1913 801 qua
1945 732 2190 802 Aegypto
2226 731 2404 788 Persis
2442 731 2775 787 contermina
2811 734 2920 793 est,
2969 730 3080 785 sive

744 797 815 850 ab
850 797 1125 861 orientali;
1196 814 1298 853 uae
1331 798 1505 853 vicina
1539 804 1668 852 sunt
1700 815 1764 853 ac
1802 801 2071 880 contigua,
2110 802 2282 870 poetis
2318 801 2571 855 dicuntur
2602 818 2849 869 torquere.
2918 798 3083 854 Prae-

746 866 861 918 stat
898 869 1097 928 tamen,
1136 882 1174 920 u
1233 867 1438 920 vicinia
1472 866 1694 921 ductum
1730 867 1803 920 sit
1838 884 1871 922 a
1904 867 2196 937 mcinium5
2232 869 2312 923 ita
2343 868 2456 938 ipse
2481 869 2659 921 amnis
2680 873 2842 936 urget
2868 866 3077 929 vicinia,

744 932 799 985 h.
843 949 884 988 e.
922 933 1153 1013 attingit
1191 933 1327 1015 fines
1360 933 1652 989 PersidiS.“
1712 935 1889 1056 Hegn.
1949 935 2051 990 Sed
2101 936 2213 990 iure
2251 937 2480 990 miratur
2514 935 2738 1005 Wagn.,
2792 935 3076 1003 Heynium,

745 1000 851 1054 Iul.
897 1000 1080 1055 Sabmi
1123 1004 1448 1056 auctoritate
1492 1007 1726 1064 motum,
1832 1002 1997 1057 udum
2051 1019 2079 1057 e
2126 1003 2424 1058 Latinitate
2475 1003 2705 1058 eiectum
2762 1003 3079 1057 vocabulum

744 1067 1004 1122 viciniwn
1033 1085 1280 1124 revocare
1313 1070 1562 1124 voluisse.
1617 1099 1684 1109 —-
1728 1080 1963 1139 vav-quet
2005 1071 2116 1125 sine
2156 1070 2344 1125 Accus.
2383 1070 2593 1127 Obiecti
2639 1071 2692 1126 le
2734 1070 2745 1083 ‘
2807 1088 2871 1125 us
2914 1071 3077 1126 etiam

743 1152 829 1206 ap.
867 1136 995 1190 Hor.
1033 1135 1144 1191 Sat.
1179 1137 1251 1201 11,
1289 1141 1337 1200 2,
1376 1141 1455 1192 64.
1494 1136 1675 1192 Plaut.
1710 1137 1872 1192 Poen.
1909 1139 2004 1193 IV.
2040 1141 2089 1201 2,
2117 1142 2197 1192 35.
2234 1140 2390 1195 Corn.
2429 1138 2645 1194 Celsum
2741 1181 2753 1202 ‚
2786 1143 2827 1192 1.
2854 1138 2974 1202 Vn,
2994 1141 3075 1191 26.

740 1211 872 1258 extr.
909 1203 1056 1259 alibi.
1104 1204 1405 1275 Conington
1424 1207 1698 1286 comparat
1714 1206 1902 1260 Aesch.
1922 1207 2112 1274 Agam.
2136 1209 2280 1262 1004.
2304 1212 2508 1276 γείτων
2530 1205 2827 1276 ὁμότοιχος
2856 1206 3072 1276 ἐρείδει.

739 1272 1027 1339 „Persis
1059 1271 1114 1327 h.
1151 1272 1191 1326 l.
1227 1289 1322 1343 pro
1358 1274 1578 1343 imperio
1612 1272 1880 1336 Parthico,
1919 1291 2063 1327 more
2100 1274 2343 1328 sollemni
2377 1275 2735 1329 Romanorum
2807 1276 3075 1332 oetarumz

742 1339 819 1393 sic
851 1339 1172 1408 MedusHy
1318 1359 1373 1395 es
1406 1344 1623 1404 v.211.;
1660 1340 1784 1395 hinc
1810 1346 1866 1396 et
1897 1343 2298 1412 pharetrata
2367 1341 2511 1412 quod
2538 1341 2603 1397 de
2627 1341 2707 1397 Pa
2802 1341 2813 1354 “
2865 1343 3076 1411 proprie

741 1407 847 1461 dici
887 1407 1051 1472 solet;
1088 1408 1208 1478 quis
1288 1409 1564 1464 arthorum
1599 1408 1879 1479 pharetras
1915 1409 2207 1479 ignorat?“
2257 1384 2435 1480 Ifeyn
2488 1410 2571 1464 Cf.
2611 1410 2776 1464 etiam
2809 1409 2936 1464 Hor.
2974 1409 3075 1465 Od.

739 1475 811 1540 H,
855 1478 933 1540 16,
972 1479 1021 1530 6.
1060 1476 1229 1530 Medi
1253 1478 1526 1548 pharetra
1557 1479 1760 1531 decori.
1818 1511 1881 1518 —
1935 1494 2137 1546 usque
2182 1478 2265 1532 ab
2298 1478 2499 1532 Indis
2536 1478 2897 1544 coloratis,
2951 1475 3076 1530 inde

742 1544 813 1597 ab
846 1542 1041 1598 Aethio
1078 1544 1200 1598 ibus
1240 1544 1368 1610 (vid.
1405 1545 1531 1600 Ceo,
1568 1544 1638 1608 Π,
1680 1547 1843 1608 116.),
1892 1545 1982 1615 qui
2016 1547 2280 1614 colorati,
2314 1546 2350 1601 i.
2389 1562 2431 1601 e.
2469 1545 2636 1614 nigri,
2675 1549 2957 1606 vocantur,
3012 1547 3077 1599 ut

735 1610 926 1666 Claud.
974 1561 1191 1692 &Qon
1227 1612 1282 1675 1,
1323 1615 1439 1667 264.
1489 1613 1768 1666 coloratus
1811 1612 2097 1681 Memnon,
2144 1612 2356 1668 Nemes.
2401 1613 2604 1683 Cyneg.
2641 1616 2758 1669 261.
2799 1614 3079 1668 coloratus

737 1680 969 1740 Mazaoe,
1006 1678 1160 1737 omi.
1199 1679 1317 1734 Am.
1353 1680 1395 1740 Ι,
1429 1684 1516 1745 14,
1554 1683 1601 1734 6.
1640 1681 1883 1735 colorati
1914 1680 2071 1735 Sem
2104 1684 2210 1735 etc.
2248 1681 2330 1736 cf.
2368 1680 2598 1735 Gronov.
2634 1681 2809 1736 Diatr.
2847 1681 2902 1734 in
2938 1680 3078 1735 Stat.

747 1764 793 1801 c.
835 1750 913 1801 10.
949 1763 983 1801 a
1016 1747 1205 1802 Burm.
1239 1746 1385 1803 laud.
1412 1777 1480 1788 —
1504 1750 1857 1816 νάρκαι,
1894 1747 2231 1820 καταφερής,
2266 1767 2329 1804 ex
2360 1748 2490 1804 altis
2524 1749 2819 1810 montibus,
2858 1747 3082 1817 proclivi

745 1815 1008 1870 descensu
1041 1815 1097 1869 in
1131 1815 1411 1885 planitiem
1448 1815 1576 1869 dum
1611 1815 1867 1878 defertur,
1907 1832 2132 1885 pronus,
2167 1819 2497 1882 fecundat
2528 1818 2891 1886 Aeyyptum
2923 1817 3082 1869 viri-

737 1885 885 1937 dem
917 1883 1346 1961 laeto-agrorum
1380 1885 1641 1953 proventu
1674 1883 1766 2004 {cil
1803 1884 1923 1938 Val.
1961 1884 2046 1937 Fl.
2080 1884 2174 1947 VI,
2211 1889 2292 1938 50.
2336 1884 2538 1938 viridis
2571 1887 2803 1954 Myr-ace
2836 1885 2895 1937 et
2927 1882 3079 1945 vm,

746 1954 861 2005 293.
901 1950 1108 2005 virides
1141 1951 1334 2012 Peuce,
1371 1968 1406 2006 a
1436 1952 1650 2006 Ladew.
1698 1952 1841 2013 aud„
1880 1952 2073 2021 quibus
2109 1952 2239 2006 addi
2270 1955 2497 2022 possunt
2529 1951 2659 2006 Hor.
2698 1950 2891 2015 Od.11‚
2920 1954 2970 2012 6,
3003 1955 3080 2003 15.

742 2018 923 2072 viride
945 2018 1266 2085 Venafrmn,
1296 2019 1434 2074 Stat.
1463 2019 1630 2073 Theb.
1657 2018 1750 2080 IX,
1790 2023 1904 2074 769.
1940 2020 2148 2073 virides
2163 2020 2425 2088 Amyclae
2447 2020 2590 2089 etc.]‚
2624 2019 2823 2087 niqra
2857 2035 3080 2084 arena,

745 2101 842 2156 pro
878 2085 1031 2148 lim0;
1089 2089 1174 2140 est
1210 2087 1381 2156 poetis
1415 2087 1592 2157 simpl.
1629 2087 1801 2140 solum
1847 2090 1932 2154 (ut
1977 2086 2103 2141 Geo.
2138 2087 2186 2149 Ι,
2228 2091 2337 2142 105.
2371 2087 2569 2142 Lucan.
2606 2086 2680 2148 11,
2718 2090 2836 2141 417.
2890 2087 2943 2139 εἰ
2972 2103 3083 2139 non

742 2170 847 2223 per
872 2155 1058 2224 plana
1095 2155 1330 2208 iacentes
1361 2155 1600 2226 Aeyypti
1631 2155 1873 2224 Libycas
1904 2155 2074 2209 Nilus
2121 2163 2399 2223 stayner-et
2439 2157 2694 2210 arenaef‘
2752 2154 2928 2223 Heyn.
2999 2153 3081 2206 Cf.
3157 2145 3178 2158 “

748 2221 874 2275 Geo.
914 2221 989 2285 H,
1028 2225 1142 2276 203.
1198 2222 1386 2291 Niyra
1421 2254 1441 2263 -
1478 2252 1497 2262 ·
1532 2230 1680 2275 terra
1751 2223 1831 2275 Et
1872 2224 1965 2276 cui
1985 2230 2149 2293 μήτε
2182 2223 2360 2277 solum
2395 2225 2481 2288 (ut
2514 2222 2641 2278 Geo.
2677 2222 2722 2286 Ι,
2758 2226 2842 2277 44.
2896 2223 3085 2291 prank·

733 2289 975 2409 gnata).
1023 2288 1110 2343 sio
1142 2289 1306 2343 etiam
1341 2288 1498 2359 prop.
1534 2289 1583 2341 v
1618 2265 1765 2356 (n'n,
1800 2293 1857 2354 e,
1904 2293 1989 2344 83.
2026 2290 2279 2360 pinguem
2312 2290 2606 2361 Euphratis
2647 2290 2819 2359 ripam
2863 2291 3082 2356 nimam

771 2373 1000 2410 arenam
1024 2359 1196 2411 vocat.
1222 2357 1307 2409 Ni
1370 2374 1437 2409 ae
1455 2357 1620 2411 maris
1637 2359 1877 2411 harenae
1898 2362 2381 2413 commemorantur
2404 2358 2537 2412 Aen.
2566 2358 2664 2421 IX,
2692 2361 2804 2411 711.
2829 2356 3079 2411 Ceterum

737 2423 803 2478 de
833 2424 977 2478 vocis
1003 2423 1293 2493 orthograp
1333 2425 1385 2478 ia
1401 2424 1510 2479 vid.
1529 2424 1740 2479 adnott.
1765 2425 1835 2479 ad
1859 2426 1974 2480 Ecl.
1997 2426 2090 2492 VI,
2110 2430 2157 2482 8.
2195 2426 2409 2494 „Igitur
2431 2429 2583 2479 totus
2604 2425 2752 2479 loeus
2774 2424 2881 2478 huc
2914 2423 3079 2477 redit:

736 2491 846 2547 Per
866 2494 1040 2547 totam
1060 2491 1384 2562 Aegyptum,
1405 2509 1526 2547 cum
1556 2494 1611 2548 in
1632 2492 1948 2549 occidentali
1970 2494 2138 2549 latere
2170 2495 2309 2549 cirea
2343 2495 2489 2549 Cano
2526 2510 2636 2557 um,
2670 2508 2776 2547 non
2813 2492 2973 2559 longe
3012 2492 3081 2547 ab

732 2560 1079 2623 Alexandria,
1097 2563 1217 2615 tum
1232 2562 1287 2615 in
1313 2560 1564 2616 orientali
1578 2578 1762 2616 versus
1786 2562 1921 2617 fines
1940 2561 2179 2617 Parthici
2201 2562 2427 2631 imperii,
2461 2578 2490 2616 e
2534 2578 2631 2632 per
2653 2565 2826 2615 totam
2863 2561 3080 2614 inferio-

739 2644 853 2683 rem
876 2629 1185 2698 Aegyptum
1208 2630 1442 2694 (nomine
1466 2629 1658 2684 Deltae
1689 2630 2055 2693 celebratum),
2091 2631 2299 2684 omnis
2332 2632 2541 2699 reqio,
2575 2632 2693 2683 tota
2717 2645 2867 2698 gens,
2908 2628 3081 2681 iacit

738 2697 1018 2750 salntem
1043 2704 1309 2764 certam,
1335 2697 1490 2776 ponit
1521 2698 1716 2751 salutis
1749 2715 1899 2767 spem
1933 2696 2002 2752 ad
2028 2697 2294 2763 fiduciam,
2327 2698 2395 2749 in
2426 2698 2551 2751 Ιιιισ
2592 2705 2760 2761 arte,
2797 2694 3078 2765 reparandi

734 2780 863 2833 apes
896 2780 956 2818 ex
979 2765 1141 2818 boum
1161 2764 1470 2819 visceribus.
1506 2764 1705 2818 Locum
1729 2766 2134 2819 vexatissimum
2159 2765 2341 2819 videor
2373 2765 2504 2818 mihi
2539 2766 2617 2818 sic
2645 2765 2779 2818 satis
2807 2763 3081 2817 commode

736 2832 1081 2902 interpretari
1142 2848 1274 2887 osse.
1310 2833 1385 2886 At
1417 2833 1464 2885 si
1499 2832 1606 2886 iam
1642 2833 1707 2886 de
1732 2833 1849 2902 ipsa
1874 2834 2140 2887 sententia
2175 2838 2231 2886 et
2289 2833 2464 2887 oetica
2488 2834 2697 2886 ratione
2720 2831 2978 2885 iudicium
3002 2832 3079 2883 fe-

735 2899 959 2955 rendum
989 2901 1089 2964 est,
1104 2850 1342 2968 pVergilii
1367 2915 1590 2954 acumen
1616 2902 1672 2953 et
1708 2901 2077 2955 verecundiam
2114 2901 2226 2954 desi
2265 2916 2414 2954 erare
2446 2899 2579 2953 mihi
2616 2899 2815 2953 videor.
2849 2898 2989 2952 Nam
3026 2902 3082 2951 et

732 2966 1952 3105 ssssffifflmffizfflfflssffifflk
1974 2967 2249 3090 ἓὲηἰῗέᾞ
2263 2965 3079 3103 {fflitfffltffl'zfflfc

734 3103 992 3158 Praestat
1027 3118 1153 3156 vero
1190 3119 1310 3156 cum
1346 3101 1461 3156 cod.
1501 3102 1741 3157 Romano
1776 3105 1853 3172 {et
1886 3103 2047 3157 Hafn.
2072 3104 2145 3170 2.]
2180 3103 2415 3156 ordinem
2452 3118 2701 3156 versuum
2739 3103 2818 3155 ita
2838 3108 3075 3155 mutare:

736 3171 816 3224 Et
848 3171 1068 3223 diversa
1114 3199 1137 3210 -
1176 3200 1199 3211 -
1240 3170 1420 3239 Usque
1453 3170 1720 3224 coloratis
1755 3200 1778 3211 -
1813 3201 1836 3212 -
1871 3172 1950 3223 Et
1984 3171 2218 3223 viridem
2251 3172 2431 3239 [quam
2450 3170 2602 3223 Voss.
2639 3174 2697 3223 et
2730 3169 2880 3224 Iahn.
2907 3169 3075 3223 secuti

739 3240 869 3292 sunt
905 3238 1188 3299 rationem,
1239 3238 1500 3292 suadente
1543 3238 1707 3292 etiam
1751 3238 2049 3292 Weieherto
2101 3238 2165 3292 de
2209 3254 2374 3292 verss.
2421 3237 2578 3293 iniur.
2627 3254 2773 3307 susp.
2823 3254 2887 3358 pu
2920 3236 3078 3303 109.]:

739 3309 834 3360 aut
873 3321 995 3359 cum
1029 3305 1220 3360 Medic.
1277 3305 1437 3373 Gud.]
1482 3305 1707 3375 aliisque
1742 3306 2104 3375 compluribus
2139 3307 2291 3375 [quos
2324 3306 2627 3374 Conington
2672 3305 2822 3375 sequi
2888 3305 2934 3373 r]
2972 3305 3075 3357 ita:

736 3374 815 3426 Et
847 3374 1067 3427 diversa
1107 3402 1130 3413 -
1169 3402 1193 3415 —
1287 3381 1308 3426 t
1341 3374 1576 3427 viridem
1612 3403 1635 3414 -
1670 3403 1693 3414 -
1737 3374 1932 3443 Usque.
1999 3372 2138 3427 Nam
2181 3389 2324 3427 nunc
2358 3373 2571 3443 quidem
2608 3389 2796 3427 versus
2830 3371 2910 3424 Et
2941 3371 3079 3425 viri-

737 3443 860 3494 dem
893 3470 916 3481 -
954 3470 977 3481 -
1012 3457 1186 3495 arena
1218 3440 1399 3511 inepte
1470 3441 1642 3494 ositus
1676 3444 1815 3495 est.“
1877 3442 2054 3509 Heysn.
2111 3440 2238 3495 Scil.
2282 3441 2424 3495 inter
2466 3457 2514 3495 v.
2555 3444 2672 3496 290.
2720 3444 2777 3496 et
2811 3443 2946 3502 291..
2984 3440 3077 3492 ubi

737 3525 858 3563 eum
896 3510 1116 3563 servant
1151 3508 1359 3578 Haupt.
1400 3524 1428 3561 e
1490 3508 1770 3571 Ribbeck„
1819 3509 1911 3578 qui
1955 3514 2135 3563 tamen
2181 3508 2512 3589 suspicatur,
2554 3509 2766 3569 „solum
2802 3524 2852 3562 v.
2892 3510 3010 3561 290.
3046 3523 3079 3561 a

737 3576 914 3646 prima
952 3579 1143 3647 poetae
1177 3592 1339 3630 manu
1378 3592 1511 3640 esse,
1549 3576 1642 3645 qui
1678 3575 1925 3630 secundis
1965 3576 2103 3630 curis
2138 3577 2191 3630 in
2228 3593 2397 3631 vicem
2433 3593 2480 3630 v.
2505 3580 2621 3631 289.
2659 3577 2811 3631 varia
2842 3579 3077 3644 tempta-

739 3645 877 3698 verit
910 3660 1008 3698 nec
1042 3645 1097 3698 in
1132 3642 1341 3698 schedis
1376 3645 1490 3697 suis
1524 3644 1882 3701 constituerit.
1917 3648 2101 3698 utrum
2139 3661 2260 3699 cum
2285 3660 2335 3700 v.
2360 3648 2478 3700 293.
2514 3661 2701 3698 versus
2722 3648 2838 3699 291.
2866 3659 2935 3698 an
2960 3646 3075 3696 292.

739 3712 794 3765 in
830 3711 1008 3766 locum
1042 3711 1198 3766 illum
1234 3711 1611 3776 succederet,“
1668 3712 1808 3781 quod
1851 3711 2033 3781 paullo
2080 3712 2419 3767 artificiosius
2462 3712 2677 3767 videtur
2712 3716 2875 3781 atque
2910 3711 3074 3765 etiam

737 3780 1061 3849 Coningtoni
1093 3780 1447 3849 improbatur.
1487 3779 1552 3832 W
1663 3821 1695 3843 .,
1732 3796 1854 3834 cum
1888 3796 2076 3859 parum
2111 3784 2236 3850 apte
2269 3780 2505 3834 insertus
2544 3781 2620 3834 sit
2654 3796 2842 3835 versus
2873 3778 2955 3831 Et
2990 3780 3077 3833 di-

737 3865 899 3902 versa
931 3865 1096 3902 mens
1129 3852 1231 3902 etc.
1247 3888 1260 3909 ‚
1307 3863 1478 3927 neque
1512 3863 1609 3917 pro
1649 3848 1727 3901 ari
1761 3853 1935 3917 possit
1969 3848 2130 3901 nimis
2163 3848 2345 3917 ampla
2383 3851 2441 3901 et
2472 3850 2698 3903 verbosa
2731 3847 2847 3901 Nili
2880 3846 3078 3901 descri-

735 3916 850 3986 ptio
924 3915 1063 3969 osito
1097 3917 1116 3969 i
1155 3917 1267 3969 sius
1304 3915 1418 3969 Nih
1455 3930 1506 3967 v·
1547 3918 1662 3969 288.
1699 3916 1937 3970 nomine.
1987 3932 2170 3969 versus
2205 3919 2519 3981 291-293.,
2586 3916 2676 3986 qui
2720 3916 2979 3984 leguntur
3021 3914 3074 3966 in

739 3983 882 4038 omni
922 3999 986 4037 us
1142 3983 1213 4043 d..
1254 3983 1419 4037 videri
1460 3983 1675 4051 quidem
1709 3983 1933 4052 Vergilii
1969 3999 2083 4037 esse
2119 3986 2317 4045 censet,
2355 3982 2450 4038 sed
2482 3984 2715 4052 margini
2747 3982 2941 4037 codicis
2968 3982 3076 4035 for-

738 4056 884 4106 tasse
921 4053 991 4105 ab
1024 4051 1043 4105 i
1084 4068 1143 4105 so
1179 4050 1386 4113 allitoS‚
1449 4053 1547 4104 aut
1579 4051 1759 4120 potius
1797 4068 1858 4105 ex
1893 4050 2014 4105 aliis
2052 4052 2166 4106 eius
2210 4051 2562 4111 carminibus.
2623 4050 2916 4121 deperditis
2964 4050 3076 4103 illis

737 4119 970 4190 quidem,
1008 4136 1042 4174 a
1116 4119 1296 4240 aclffirlio
1335 4116 1633 4187 adscriptos
1688 4121 1742 4172 et
1775 4117 1901 4172 hinc
1936 4118 1989 4172 in
2026 4122 2331 4173 contextum
2365 4120 2629 4179 invectos;
2678 4135 2840 4188 quam
2875 4117 3075 4196 opinio-

738 4203 859 4242 nem
896 4187 1090 4257 triplex
1242 4186 1379 4239 ‘cum
1417 4187 1558 4239 inter
1593 4202 1649 4240 se
1685 4186 2045 4265 discrepantia
2085 4186 2140 4239 in
2179 4186 2501 4241 collocandis
2538 4187 2623 4240 his
2653 4186 2895 4240 versibus
2929 4185 3076 4238 min-

736 4256 832 4309 fice
871 4253 1104 4309 adiuvet.
1176 4254 1376 4308 Haeret
1408 4269 1565 4323 porro
1605 4253 1699 4307 Vir
1738 4254 1956 4308 doctiss.
1994 4254 2048 4307 in
2089 4253 2342 4323 epithetis
2377 4255 2582 4308 m'ridris
2615 4257 2671 4309 et
2702 4255 2888 4322 nima,
2926 4257 2983 4306 et
3020 4254 3071 4305 in

738 4322 959 4377 Perside
996 4323 1075 4377 Ae
1184 4325 1243 4375 to
1277 4322 1475 4381 vicina;
1515 4336 1632 4374 cum
1671 4338 1767 4375 nec
1789 4321 1995 4379 Parthi.
2033 4322 2124 4391 qui
2149 4338 2305 4391 saepe
2330 4340 2364 4376 a
2384 4322 2557 4392 poetis
2580 4321 2776 4377 Persae
2801 4323 3074 4379 vocentur.

737 4391 790 4444 in
832 4389 1073 4444 confiniis
1157 4390 1340 4459 egypti
1374 4388 1618 4444 habitare
1653 4389 1766 4444 iure
1801 4390 1905 4444 dici
1936 4390 2169 4459 possint,
2222 4395 2280 4444 et
2322 4391 2544 4453 Arabes,
2584 4389 2651 4444 de
2689 4391 2883 4470 quibus
2920 4388 3075 4442 Voss.

742 4458 961 4526 cogitet,
999 4457 1286 4513 Persarum
1319 4457 1534 4511 nomine
1567 4473 1830 4528 nusquam
1871 4457 2406 4528 comprehendantur.
2475 4458 2651 4524 Quare
2691 4474 2805 4527 ipse
2838 4454 3075 4511 Persidis

739 4526 952 4580 nomine
988 4542 1212 4596 regnum
1250 4523 1564 4579 Parthicum
1597 4524 1786 4595 hisque
1826 4526 2005 4581 verbis
2037 4526 2243 4585 Svriam
2280 4541 2313 4580 a
2355 4527 2592 4597 Vergilio
2631 4524 2920 4595 significari
2955 4540 3075 4578 cen-

740 4596 850 4653 set:
885 4609 1074 4648 versus
1108 4596 1292 4648 autem
1326 4595 1607 4647 291-293.
1671 4594 2009 4663 (quibuscum
2044 4583 2382 4663 Keightleius
2416 4612 2502 4666 ap.
2535 4595 2789 4661 Coningt.
2824 4593 2989 4646 etiam
3023 4609 3070 4644 v.

737 4665 853 4715 290.
882 4660 1005 4717 vult
1025 4661 1318 4725 exclusum,
1359 4659 1806 4731 quemadmodum
1843 4662 2007 4717 etiam
2044 4661 2252 4716 Peerlk.
2278 4679 2333 4732 p.
2373 4666 2474 4718 289
2509 4680 2591 4733 sq.
2616 4679 2667 4717 v.
2692 4663 2977 4715 290-293.
3018 4662 3072 4714 et
