3616 5026
1448 245 1976 313 GEORGICON
2019 246 2181 312 LIB.
2222 247 2272 312 I.
2890 250 3011 311 223

675 412 889 498 Atque
933 412 1111 478 illum
1157 413 1224 478 in
1266 435 1586 500 praeceps
1676 436 1833 479 rono
1878 413 2053 498 rapit
2095 412 2315 477 alveus
2363 414 2556 477 amni.

836 496 1189 562 Praeterea
1234 507 1369 562 tam
1414 507 1562 563 sunt
1696 499 1861 561 cturi
1906 494 2122 561 sidera
2156 496 2341 560 nobis

672 577 1183 667 Haedorumque
1226 579 1365 646 dies
1409 578 1714 645 servandi
1762 591 1826 645 et
1867 578 2118 644 lucidus
2159 580 2431 666 AnguiS‚
2908 588 3008 637 205

676 828 932 950 Rmssm
965 847 1060 898 pro
1104 833 1288 893 remis,
1338 848 1442 901 quo
1488 848 1648 885 sensu
1694 829 1825 885 alibi
1869 847 1973 884 non
2011 831 2115 884 nisi
2151 831 2450 900 Singularis
2485 846 2735 883 numerus
2777 829 3006 896 legitur;

672 912 720 952 v,
759 912 801 950 c.
886 897 1022 951 laut.
1060 900 1153 953 As.
1189 899 1230 957 1,
1273 903 1320 962 3,
1360 904 1405 953 5.
1442 899 1570 953 Hor.
1611 898 1709 953 od.
1746 900 1790 961 1,
1834 904 1910 957 14.
1951 904 1997 951 4.
2036 898 2161 952 Tac.
2198 902 2335 953 Anu.
2371 899 2443 959 ΙΙ,
2487 901 2566 952 24.
2629 897 2890 963 Subiyere
2923 912 3009 949 ea·

672 963 795 1018 dem
832 982 1045 1018 sursum
1155 967 1273 1020 endi
1316 968 1498 1035 signif.
1531 967 1802 1021 invenitur
1838 968 1967 1020 Aen.
2005 966 2104 1035 Vl,
2138 970 2250 1020 302.
2308 967 2434 1037 Ipse
2467 974 2638 1019 ratem
2672 973 2829 1018 conto
2863 965 3010 1016 mbi-

719 1033 767 1098 ἲ,
804 1047 838 1086 a
878 1073 892 1085 .
929 1032 1042 1085 Liv.
1182 1035 1276 1095 VI,
1314 1038 1358 1088 7.
1403 1040 1539 1090 extr.
1585 1035 1771 1088 Naveae
1794 1065 1817 1075 -
1842 1064 1866 1076 ·
1888 1035 2072 1101 mhz‘qi
2103 1037 2183 1087 ad
2217 1036 2282 1087 id
2314 1034 2592 1087 castellum
2628 1034 2802 1097 iussit,
2841 1036 2893 1085 et
2931 1032 3010 1103 Si-

694 1100 801 1153 'um
892 1100 962 1161 V,
999 1104 1112 1156 218.
1179 1102 1418 1156 Classem
1465 1105 1544 1156 ad
1587 1105 1803 1155 moenia
1843 1104 2105 1169 subiyere.
2176 1104 2258 1156 Cf.
2294 1105 2521 1156 Gronov.
2560 1101 2628 1155 ad
2664 1102 2776 1154 Liv.
2814 1100 2957 1153 XXV
2964 1101 3008 1159 1,

672 1171 718 1229 ἵ,
756 1174 802 1221 9.
842 1168 1027 1222 Heius.
1066 1174 1121 1223 et
1159 1170 1428 1224 Drakenb.
1467 1169 1535 1224 ad
1572 1169 1760 1223 Silium
1796 1170 1911 1227 XV.
1950 1174 2064 1223 218.
2101 1169 2375 1224 Ruhnken.
2415 1169 2480 1223 ad
2523 1169 2765 1222 Albinov.
2805 1185 2856 1237 p.
2900 1172 3008 1221 124.

669 1233 753 1289 ed.
788 1235 1048 1290 Friedem.
1086 1239 1141 1291 et
1184 1238 1366 1307 Unger
1400 1238 1466 1291 de
1506 1237 1698 1306 Valgio
1735 1238 1873 1290 Rufo
1912 1255 1966 1307 p.
2003 1242 2119 1291 466.
2159 1270 2221 1277 -
2257 1237 2362 1291 Pro
2408 1239 2636 1290 brachia
2673 1252 2793 1289 cum
2830 1251 3008 1289 recen-

670 1303 895 1356 tissimis
931 1304 1225 1359 editoribus
1252 1322 1392 1359 nunc
1418 1306 1613 1375 ubique
1637 1306 1946 1374 scripsimus
1981 1307 2254 1371 bracchia,
2295 1305 2462 1359 Codd.
2490 1305 2647 1361 Med..
2683 1305 2819 1363 Vat..
2858 1303 3006 1356 Rom.

667 1373 724 1424 et
761 1371 807 1424 F
909 1388 979 1426 m.
1014 1372 1253 1442 Sangall.
1288 1375 1669 1428 auctoritatem
1709 1374 1897 1427 secuti.
1969 1373 2051 1426 cf.
2088 1374 2273 1441 Wagn.
2313 1372 2469 1428 Orth.
2513 1373 2669 1440 Verg.
2707 1388 2760 1440 p.
2800 1376 2916 1425 419.
2954 1375 3009 1422 et

669 1438 827 1491 Ribb.
901 1439 1001 1493 rol.
1030 1457 1082 1509 p.
1109 1446 1224 1495 391.
1251 1474 1317 1482 —
1350 1440 1481 1502 203.
1522 1444 1736 1521 Atque
1771 1441 1979 1495 Gellius
2014 1440 2078 1501 X,
2103 1444 2184 1495 29.
2223 1446 2278 1495 et
2314 1443 2457 1494 Serv.
2533 1456 2591 1493 er
2623 1440 2806 1492 sattim
2841 1440 3007 1492 inter—

669 1507 869 1576 pretati
907 1513 1054 1567 sunt.
1093 1513 1155 1563 ut
1194 1509 1249 1562 in
1285 1510 1406 1564 XII.
1444 1510 1554 1563 tab.
1590 1527 1642 1561 ει
1680 1510 1738 1561 in
1773 1509 1861 1560 ius
1894 1517 2070 1574 vocat,
2111 1517 2273 1588 atque
2308 1517 2411 1561 eat.
2460 1522 2472 1565 (
2529 1512 2565 1560 f.
2603 1508 2766 1561 etiam
2803 1506 3008 1560 Nonius

672 1578 749 1634 12,
777 1578 859 1627 44.
900 1575 1075 1629 Hand.
1112 1576 1339 1631 Tursell.
1377 1577 1419 1631 1.
1457 1595 1507 1646 p.
1530 1581 1665 1637 451„
1704 1576 1793 1646 qui
1830 1576 1939 1629 illis
1977 1576 2294 1639 adsentitur,
2334 1582 2389 1629 et
2423 1592 2556 1644 quos
2591 1576 2645 1628 in
2680 1575 2853 1643 prima
2877 1573 3005 1628 edit.

668 1641 886 1695 laudavi
910 1644 1052 1696 viros
1078 1643 1281 1699 doctos
1322 1645 1576 1699 Ribbeck.
1605 1645 1832 1698 conferri
1868 1644 2018 1697 iubet
2039 1644 2367 1697 Wichertum
2399 1643 2465 1697 de
2491 1648 2608 1696 arte
2633 1642 2743 1696 stil.
2779 1660 2827 1711 p.
2855 1645 3005 1694 169.»

666 1709 777 1762 Alii
812 1712 1015 1764 rectius
1056 1720 1219 1781 atquc
1268 1730 1365 1782 pro
1409 1713 1639 1782 simplici
1676 1711 1880 1780 Copula
1922 1710 2139 1775 habent,
2187 1711 2279 1765 sed
2325 1712 2502 1765 minus
2549 1720 2692 1764 recte
2732 1710 2798 1763 de
2834 1709 3007 1777 ellipsi

667 1782 929 1845 cogitant.
1002 1794 1128 1833 uam
1162 1797 1266 1834 non
1306 1797 1336 1834 o
1375 1797 1439 1835 us
1478 1783 1564 1835 est
1600 1782 1664 1833 ut
1699 1784 2023 1839 statuamus,
2064 1784 2119 1833 et
2155 1780 2310 1833 illum
2344 1778 2476 1833 adeo
2501 1777 2569 1831 ad
2607 1778 2837 1830 lembum
2873 1779 3008 1830 refe·

667 1852 797 1898 runt
841 1849 927 1909 (ut
962 1795 1151 1915 fleyn„
1188 1848 1328 1902 Wun
1372 1890 1383 1901 .
1424 1851 1480 1902 et
1518 1848 1810 1917 Coningtd.
1882 1847 2068 1902 Omnis
2118 1847 2322 1901 scilicet
2368 1845 2661 1900 difficultas
2704 1846 2757 1898 in
2804 1862 2864 1899 eo
2902 1845 3010 1898 sita

669 1919 767 1973 est,
820 1912 962 1983 quod
998 1919 1157 1984 poeta
1203 1915 1271 1970 ad
1316 1917 1505 1970 Graeci
1557 1917 1814 1970 sermonis
1858 1914 2262 1969 similitudinem
2306 1931 2339 1968 a
2383 1914 2603 1968 Passivo
2646 1913 2714 1968 ad
2761 1914 3008 1967 Activum

665 1982 889 2044 transit,
940 1985 996 2035 et
1036 1986 1319 2051 propterea
1357 1983 1654 2038 Pronomen
1691 1982 1983 2037 demonstr.
2035 1982 2190 2035 illum
2234 1982 2402 2051 ponit,
2451 1983 2601 2034 cuius
2647 1980 2761 2034 loco
2799 1981 3008 2050 proprie

666 2048 826 2103 Pron.
874 2049 971 2103 rel.
1025 2067 1179 2119 quem
1221 2051 1525 2120 ponendum
1575 2054 1710 2106 erat.
1781 2051 2033 2119 lntellige
2087 2051 2254 2117 igitur
2305 2050 2508 2107 locum.
2555 2065 2617 2103 ac
2660 2050 2704 2101 si
2747 2049 3007 2117 scriptum

668 2121 835 2170 esset:
876 2116 999 2170 Non
1034 2117 1207 2179 aliter,
1254 2136 1413 2189 quam
1459 2120 1546 2189 qui
1576 2149 1599 2160 -
1630 2149 1652 2160 ·
1677 2119 1916 2173 lembum
1954 2119 2188 2185 remigiis
2235 2118 2440 2186 subigit
2475 2121 2660 2187 atque.
2708 2117 2750 2169 si
2791 2115 3009 2169 brachia

668 2183 807 2237 forte
850 2186 1142 2245 remiserit.
1200 2192 1345 2240 retro
1390 2190 1622 2241 refertur
1665 2190 1721 2240 et
1763 2187 1820 2239 in
1865 2202 2118 2255 praeceps
2167 2186 2393 2255 rapitur.
2464 2186 2550 2238 Sic
2599 2184 2762 2237 etiam
2797 2183 3006 2237 Peerlk.

665 2269 715 2320 p.
758 2254 870 2305 128.
907 2252 1083 2307 locum
1121 2254 1398 2323 intelligit,
1438 2255 1528 2324 qui
1566 2256 1840 2324 comparat
1876 2254 1985 2307 Cic.
2027 2255 2179 2307 Brut.
2223 2258 2302 2306 74.
2362 2254 2555 2306 Omnes
2591 2261 2700 2305 tum
2722 2255 2873 2320 fere,
2912 2252 3012 2319 qul

664 2336 762 2372 uec
795 2327 953 2373 extra
988 2321 1130 2374 hanc
1161 2325 1348 2375 urbem
1383 2324 1650 2386 velt-erant,
1702 2341 1798 2374 nec
1834 2339 1924 2373 eos
1958 2321 2153 2389 aliqua
2186 2322 2468 2373 barbaries
2504 2323 2800 2373 domestica
2853 2320 3007 2382 infn-

664 2395 930 2456 scam-ae,
968 2396 1114 2442 recte
1147 2389 1521 2458 loquebantur,
1558 2390 1701 2442 haud
1741 2389 1901 2442 dubie
1941 2390 2195 2443 nesciens,
2238 2389 2419 2441 eudem
2445 2388 2712 2441 Ciceronis
2747 2387 2860 2440 loco
2900 2388 3003 2441 iam

666 2453 711 2507 B
775 2470 928 2509 ceum
965 2472 1081 2509 esse
1107 2473 1263 2511 usum
1290 2458 1356 2511 ad
1385 2459 1609 2512 eandem
1637 2457 1962 2511 sententiam
1989 2456 2450 2527 comprobandam.
2473 2488 2535 2495 ·—
2575 2458 2633 2509 in
2719 2473 3004 2526 racc-eps.

666 2522 733 2576 Ri
770 2524 920 2578 beck.
947 2528 1135 2579 contra
1158 2526 1297 2580 Med.
1336 2527 1496 2585 Gud..
1534 2526 1867 2594 aliorumque
1904 2525 2087 2580 Codd..
2126 2524 2284 2579 Gellii
2320 2525 2384 2584 X,
2415 2528 2496 2578 29.
2534 2528 2588 2577 et
2678 2524 2784 2577 onii
2810 2541 2862 2593 p.
2889 2531 3005 2582 530,

668 2595 715 2645 6.
751 2593 1134 2647 auctoritatem
1169 2594 1351 2647 omisit
1385 2594 1839 2664 Praepositionem
1878 2593 1997 2647 coll.
2035 2591 2148 2646 Ecl.
2184 2592 2329 2648 vul.
2368 2599 2449 2645 59.
2496 2593 2622 2646 Geo.
2658 2592 2757 2652 111,
2797 2595 2911 2646 236.
2950 2597 3005 2645 et

666 2657 758 2720 IV,
786 2662 871 2712 29.
913 2658 1091 2714 Ceteri
1129 2662 1448 2716 recentiores
1493 2662 1725 2716 editores
1759 2677 1875 2715 eam
1903 2661 2253 2715 retinuerunt.
2283 2693 2344 2699 —
2375 2676 2595 2729 prono
2629 2660 2818 2712 amai.
2859 2660 3005 2711 Pro-

664 2743 765 2778 πω
806 2727 948 2780 enim
997 2731 1082 2782 est
1126 2729 1404 2797 epitheton
1453 2730 1688 2783 omnium
1733 2745 1937 2788 rerum,
1987 2745 2121 2797 quae
2166 2735 2363 2781 natura
2405 2727 2650 2782 deorsum
2699 2733 2847 2781 cunt.
2919 2728 3003 2779 Cf.

663 2794 793 2848 Aen.
832 2794 979 2858 Vm,
1021 2798 1133 2849 548.
1190 2796 1250 2852 V.
1290 2801 1403 2850 212.
1466 2798 1595 2850 Hor.
1634 2796 1735 2851 od.
1773 2797 1818 2855 Ι,
1857 2800 1936 2858 29,
1980 2801 2057 2850 11.
2115 2796 2296 2851 Avien.
2335 2795 2516 2849 Descr.
2552 2796 2664 2848 orb.
2705 2800 2750 2849 2.
2813 2794 2999 2848 Manil.

663 2861 756 2918 IV.
794 2865 913 2915 417.
963 2866 1016 2916 et
1053 2863 1249 2919 Obbar.
1287 2865 1357 2918 ad
1393 2865 1521 2919 Hor.
1558 2865 1656 2933 Ep.
1694 2866 1734 2919 l.
1778 2870 1856 2920 10.
1896 2869 1977 2917 2⁰.
2015 2863 2167 2918 Fasc.
2205 2863 2267 2917 V.
2304 2880 2355 2931 p.
2395 2868 2476 2916 67.
2523 2894 2580 2902 -
2614 2864 2817 2930 rapit.
2872 2863 3001 2914 (lod.

664 2928 814 2982 Rom.
851 2932 1038 2983 trahit.
1108 2931 1213 2986 Sed
1244 2933 1400 3002 rapit
1436 2936 1623 3012 utpote
1657 2932 1854 2985 fortius
1889 2947 1997 2984 voc.
2036 2931 2459 3001 praeferendum.
2529 2931 2612 2983 (ts.
2650 2929 2803 2985 Ovid.
2841 2930 3000 2982 'l'rist.

663 2997 707 3055 Ι,
735 3002 786 3056 4,
822 3000 898 3050 15.
962 2998 1032 3050 Si
1067 3017 1178 3052 non
1211 3018 1319 3068 quo
1357 3001 1550 3066 voluat,
1588 3002 1689 3052 sed
1720 3017 1828 3068 quo
1864 3000 2018 3069 rapit
2051 3002 2278 3069 impetus
2317 3000 2500 3051 undae
2541 2998 2654 3051 (ubi
2694 2997 2855 3051 etiam
2891 3005 3002 3050 tres

664 3063 833 3118 Codd.
875 3066 1094 3128 trahit),
1149 3066 1219 3120 id.
1256 3083 1318 3121 ex
1353 3067 1509 3121 Pont.
1548 3067 1620 3126 Π,
1662 3072 1706 3125 7,
1746 3073 1791 3119 8.
1854 3068 1942 3119 Ne
1976 3069 2135 3119 toties
2166 3075 2382 3132 cmm-a,
2496 3085 2585 3118 am
2618 3065 2772 3136 rapit
2807 3064 3001 3126 amm's,

664 3148 805 3196 οαηι,
847 3135 904 3188 et
936 3133 1068 3186 Met.
1107 3134 1159 3191 I.
1201 3139 1317 3190 311.
1374 3136 1626 3188 Maoeinm
1668 3153 1812 3204 pars·
1860 3137 2014 3186 unda
2055 3153 2122 3187 ra
2167 3136 2294 3186 itur.
2333 3165 2394 3173 —
2463 3139 2511 3186 )e
2545 3137 2684 3188 toto.
2738 3133 2827 3201 qni
2866 3148 3005 3184 nunc

664 3200 932 3269 sequitur,
985 3201 1102 3255 loco
1144 3218 1190 3255 v.
1230 3206 1533 3257 204-310.
1579 3205 1645 3255 cf.
1697 3201 2007 3255 doctissima
2053 3202 2113 3255 Ri
2155 3201 2321 3256 beckii
2366 3201 2450 3254 dis
2488 3202 2662 3253 utatio
2696 3200 2905 3268 Proleg.
2948 3217 3000 3267 p.

660 3272 727 3320 40
762 3285 907 3348 sqq..
949 3285 1055 3337 qua
1101 3268 1286 3324 docere
1332 3270 1542 3326 studet.
1585 3270 1681 3323 hos
1726 3286 1911 3323 versus
1959 3286 2058 3322 non
2108 3271 2209 3323 ita.
2256 3272 2319 3321 ut
2365 3268 2416 3321 in
2453 3218 2617 3321 ¹iibris
2656 3268 2930 3336 legantur,
2970 3283 3003 3319 a

662 3334 899 3402 Vergilio
934 3337 1051 3405 ipso
1086 3338 1170 3390 edi
1206 3339 1458 3407 potuisse.
1498 3338 1751 3407 cuiusque
1787 3353 1999 3391 summa
2034 3353 2093 3390 eo
2131 3337 2286 3393 redit.
2325 3340 2388 3389 ut
2423 3339 2746 3392 statuamus.
2789 3351 2821 3388 a
2847 3339 3004 3403 poeta

662 3402 894 3524 &2¹33
912 3404 1126 3525 {iffi
1141 3422 1285 3527 ⁶222.
1295 3409 1747 3526 *323⁰‘323‘123‘373‘
1786 3409 2111 3541 ²1⁷1YT1³3131¹>¹58
2125 3404 2922 3525 Ρὲἰξῗὲηῗὲὲὲἒίᾏῖῑπὲἓὲἓέἓ
2948 3404 3000 3521 {3¹

662 3541 789 3591 233-
829 3543 947 3592 251.
987 3544 1044 3592 et
1080 3544 1392 3599 259-275..
1445 3545 1678 3595 ceterum
1723 3541 1901 3593 omnia
1944 3541 2019 3592 sic
2063 3543 2171 3593 fere
2216 3541 2267 3592 in
2307 3545 2611 3592 contextum
2658 3541 2821 3592 fuisse
2865 3539 3004 3591 inse-

662 3607 841 3664 renda.
880 3611 944 3660 ut
979 3608 1189 3661 omissis
1226 3624 1274 3661 r.
1297 3612 1584 3661 204-207.
1625 3619 1870 3678 (quorum
1908 3613 2282 3674 argumentum
2307 3611 2582 3674 repetatur
2619 3623 2668 3658 r.
2698 3611 3004 3666 252-255.)

661 3674 861 3795 Βίηᾶἓῗῡῧ
882 3676 1195 3796 21ξᾷῃὲτὲἰο
1207 3693 1302 3798 ἷξε·
1326 3693 1419 3796 Ὗ
1415 3677 1678 3796 ligarentzv
1694 3679 1854 3801 ²30}
1859 3677 2556 3811 ς’321ῑὸ2-ἆξῗξέιιξ31ᾳ-ιιξιῗι1ιὲ
2585 3677 3004 3811 ξῗιῖἷὶῖξιῗὲοὲιῖιξ

661 3773 725 3780 -““
832 3783 845 3795 .
1156 3783 1168 3795 ι
1285 3768 1387 3795 Ι-ο
1481 3787 1491 3797 .
1530 3776 1592 3784 -·
1686 3783 1698 3795 ο
1852 3775 1915 3783 -·
2032 3785 2043 3797 0
2310 3783 2322 3799 ι

661 3810 923 3863 rusticum
962 3812 1293 3880 temporibus
1328 3811 1630 3865 faciendum
1671 3812 1769 3864 sit:
1818 3827 1981 3879 quare
2016 3827 2065 3864 v.
2102 3815 2198 3863 2⁰⁴
2237 3827 2353 3879 sqq.
2401 3809 2757 3876 significatur.
2796 3760 3000 3878 agl-1133«,-

662 3875 728 3929 lis
768 3876 1003 3930 siderum
1040 3882 1192 3932 ortus
1229 3883 1282 3932 et
1318 3896 1535 3933 occasus
1575 3896 1678 3933 non
1715 3879 1892 3931 minus
1934 3877 2286 3932 observandos
2326 3895 2463 3936 esse.
2504 3894 2662 3947 quam
2698 3879 3000 3944 navimnti-

661 3945 777 3998 bus.
848 3943 970 3998 Vid.
1008 3946 1216 4000 Colum.
1258 3947 1349 4006 XI.
1391 3953 1437 4000 7.
1479 3953 1561 3999 31.
1617 3948 1872 4000 Nominat
1905 3953 2087 4000 autem
2123 3952 2278 4014 poe‘ta
2313 3946 2487 3999 instar
2520 3946 2752 3999 omnium
2789 3948 2897 3999 tria
2931 3951 3001 4000 si-

663 4012 791 4066 dera
826 4012 1172 4067 celeberrima
1217 4022 1273 4068 et
1313 4016 1800 4083 septemtrionalia.
1840 4031 2061 4084 quorum
2100 4030 2218 4067 cum
2254 4019 2373 4066 ortu
2423 4013 2684 4081 procellae
2721 4015 2995 4078 ingruunt.

663 4085 724 4131 ut
759 4085 946 4149 postea
994 4079 1100 4133 duo
1140 4082 1334 4136 itinera
1370 4082 1668 4138 maritima.
1706 4098 1843 4152 quae
1879 4083 1945 4134 ob
1982 4097 2191 4148 magna.
2230 4081 2422 4149 quibus
2463 4081 2686 4134 obnoxia
2726 4088 2870 4144 sunt,
2911 4101 2999 4151 pe-

662 4148 828 4201 ricula
883 4153 1101 4216 praeter
1153 4155 1330 4204 cetera
1381 4150 1546 4204 animi
1598 4151 1952 4204 attentionem
2006 4150 2057 4202 in
2115 4165 2170 4200 se
2223 4153 2566 4212 convertunt,
2664 4165 2721 4202 er
2766 4148 2998 4203 Pontum

660 4214 924 4268 Euxinum
961 4220 1017 4270 et
1053 4216 1236 4271 Helles
1262 4223 1480 4272 mutum.
1518 4250 1583 4257 —
1620 4221 1969 4282 Arcturus,
2015 4215 2174 4270 stella
2209 4216 2438 4270 maxima
2477 4222 2534 4269 et
2568 4233 2593 4268 s
2626 4166 2998 4271 Yendidissima

660 4281 859 4336 Bootae
897 4301 939 4335 s.
976 4285 1248 4354 Arctophy
1272 4288 1407 4341 acie.
1446 4288 1597 4339 cuius
1632 4289 1807 4339 ortum
1854 4285 1998 4350 (inde
2033 4300 2066 4337 a
2100 4289 2147 4337 5.
2184 4288 2328 4353 Sept.
2367 4287 2423 4337 et
2463 4288 2539 4337 13.
2623 4285 2755 4348 ebr.)
2799 4288 2999 4354 pariter

661 4352 822 4419 atque
856 4366 1102 4405 occasum
1150 4353 1295 4410 (inde
1330 4371 1363 4407 a
1399 4358 1482 4407 22.
1521 4354 1646 4408 Maii
1684 4359 1738 4407 et
1774 4357 1859 4405 29.
1896 4353 2041 4406 Oct.)
2085 4351 2421 4405 vehementes
2455 4351 2720 4421 procellae
2756 4354 2995 4407 comitari

662 4416 836 4471 solent
873 4420 963 4480 (cf.
1003 4419 1209 4474 Colum.
1248 4421 1341 4480 XI,
1372 4424 1420 4476 2.
1446 4425 1527 4475 63.
1567 4427 1623 4476 et
1657 4438 1821 4490 supra
1854 4420 2061 4474 adnott.
2097 4420 2165 4472 ad
2202 4435 2248 4472 v.
2284 4424 2417 4476 ew:
2458 4436 2620 4488 quare
2655 4421 2814 4474 etiam
2854 4422 2994 4491 apud

662 4483 841 4564 Plaut.
880 4485 1014 4555 prol.
1054 4488 1191 4542 Rud.
1234 4505 1283 4543 v.
1323 4493 1402 4541 71.
1451 4489 1517 4543 de
1553 4506 1609 4544 se
1652 4490 1764 4558 ipse
1807 4488 1963 4543 dicit:
2037 4487 2315 4541 Vehemens
2356 4506 2475 4540 mm
2520 4489 2789 4555 emm-imm,
2835 4509 2996 4559 quom

662 4554 873 4618 occ-ndo,
911 4556 1288 4610 vehementior.
1354 4557 1435 4610 Cf.
1480 4557 1631 4611 Voss.
1674 4590 1737 4597 --
1791 4555 1924 4616 205.
1985 4555 2228 4612 Haedi.
2272 4555 2408 4610 duae
2456 4555 2646 4610 stellae
2688 4557 2739 4610 in
2780 4557 2995 4612 brachio

662 4621 912 4690 Aurigae.
950 4638 1089 4692 quae
1123 4625 1355 4680 orientes
1390 4623 1443 4679 d.
1479 4629 1561 4679 25.
1596 4627 1723 4694 Apr.
1771 4630 1826 4678 et
1861 4626 2075 4678 27-29.
2112 4623 2258 4692 Sept.
2302 4628 2358 4678 et
2407 4624 2552 4694 ipsae
2595 4625 2880 4693 pessimam
2913 4644 2997 4679 so-
