3616 5026
1402 249 1877 319 BUGOLICA.
1919 250 2112 319 EGL.
2142 250 2324 317 Vm.
2916 256 3031 318 149

687 416 903 506 Atque
946 425 1124 484 satas
1163 416 1290 484 alio
1331 417 1472 483 vidi
1513 417 1858 484 traducere
1897 419 2144 484 messis.

851 510 919 567 h.
961 501 1204 566 Ducite
1247 501 1332 566 ab
1372 501 1536 566 urbe
1565 501 1848 580 domum,
1887 524 2035 567 mea
2070 503 2378 598 carmina,
2422 499 2641 565 ducite
2663 499 3015 587 Daphnim.

686 584 819 649 Fer
862 586 1113 649 cineres
1128 633 1147 666 ‚
1188 583 1534 672 Amarylli‚
1576 586 1753 651 foras
1796 587 2068 672 rivoque
2109 584 2335 650 fluenti
2931 598 3028 647 100

689 667 904 733 Trans
950 690 1031 732 ue
1074 677 1272 755 caput
1316 670 1489 750 iace,
1548 690 1668 733 nec
1709 690 1815 734 res
1867 669 2098 732 exeris,
2182 667 2308 732 His
2351 689 2474 752 ego
2516 666 2853 753 Daphnim

686 750 911 837 Adgre
963 753 1094 824 ἀτς
1138 750 1301 815 nihil
1342 750 1451 815 ille
1504 751 1691 832 deos,
1741 754 1807 816 ni
1878 752 2168 816 carmina
2210 760 2411 816 curat.

848 842 894 899 i.
938 835 1179 900 Ducite
1221 833 1306 899 ab
1348 834 1511 899 urbe
1546 834 1826 916 domum,
1870 857 2017 899 mea
2059 836 2369 915 carmina,
2418 832 2634 899 ducite
2669 833 3021 921 Daphnim.

685 917 960 1005 Aspice,
1013 918 1329 1003 corripuit
1369 917 1667 983 tremulis
1712 917 1946 983 altaria
1989 917 2267 982 flammis

683 1134 832 1188 cleris
865 1138 1048 1188 autem
1083 1152 1180 1204 pro
1214 1136 1485 1207 sepulcris
1517 1152 1579 1190 ex
1613 1135 1773 1196 Med„
1815 1135 1937 1191 Vat.
1977 1140 2033 1190 et
2059 1136 2226 1190 Servii
2260 1136 2584 1191 auctoritate
2620 1152 2742 1191 cum
2776 1137 3029 1191 recentis-

681 1201 833 1256 simis
866 1201 1020 1256 editt.
1060 1204 1389 1275 scripsimus,
1462 1204 1541 1258 Cf.
1577 1203 1765 1272 Wagn.
1804 1204 1958 1260 Orth.
1999 1204 2154 1273 Verg.
2195 1221 2245 1273 p.
2285 1208 2401 1259 421.
2441 1207 2497 1258 et
2530 1204 2779 1259 Ribbeck.
2818 1204 3026 1272 Proleg.

682 1286 734 1339 p.
772 1272 886 1324 424.
928 1301 991 1309 --
1033 1269 1127 1332 98.
1178 1279 1366 1326 satas
1398 1288 1659 1335 oeceses,
1706 1271 1739 1326 i.
1790 1289 1833 1327 e.
1877 1278 1999 1327 sata
2033 1272 2085 1325 iii
2125 1273 2366 1326 futuram
2407 1287 2650 1326 messem.
2720 1271 2913 1326 Moeris
2948 1273 3028 1325 in-

683 1337 1082 1392 cantationibus
1125 1339 1238 1393 suis
1279 1339 1464 1409 fruges
1508 1341 1578 1393 ab
1620 1339 1791 1409 agris,
1838 1340 1932 1393 ubi
1976 1345 2125 1394 satae
2169 1345 2350 1400 erant,
2412 1341 2582 1395 alio.
2644 1340 2674 1392 i.
2722 1356 2764 1393 e.
2803 1341 2859 1393 in
2896 1339 3029 1393 alios

846 1446 859 1469 ,
898 1406 1169 1472 traduxit,
1212 1411 1268 1461 et
1305 1409 1385 1462 ita
1421 1424 1777 1488 possessorem
1817 1426 1843 1460 s
1883 1424 1911 1462 e
1946 1409 2134 1462 messis
2171 1407 2456 1461 fraudavit.
2528 1407 2615 1461 Sic
2652 1407 2793 1476 apud
2830 1406 3025 1461 Tibull.

679 1473 738 1536 1,
777 1475 833 1536 8,
877 1475 954 1528 19.
1018 1473 1222 1528 Cannis
1264 1476 1461 1529 vicinis
1481 1477 1689 1545 fnaycs
1736 1484 1788 1528 tr
1940 1477 1983 1528 it
2018 1478 2087 1529 ab
2133 1494 2170 1528 a
2253 1477 2301 1528 ‘.
2374 1474 2525 1529 ovid.
2572 1474 2719 1529 Rem.
2755 1476 2873 1529 Am.
2911 1478 3025 1529 255.

681 1540 815 1594 Noa
850 1558 1000 1608 seqes
1044 1559 1109 1595 ex
1151 1543 1282 1596 aliis
1324 1544 1470 1598 alios
1514 1543 1769 1597 transibit
1811 1544 1870 1595 iu
1911 1561 2092 1611 ayros.
2233 1547 2300 1596 rt.
2346 1542 2474 1612 Cap.
2522 1541 2586 1610 X.
2627 1560 2675 1611 p.
2717 1546 2829 1596 314.
2874 1542 3024 1598 Grot.

682 1607 891 1661 Ferunt
919 1627 1117 1663 messes
1148 1612 1399 1664 trava-sire.
1429 1610 1681 1679 Calpurn.
1699 1610 1811 1664 Ecl.
1838 1610 1932 1668 XI,
1973 1615 2050 1665 70.
2094 1610 2361 1676 Οαπεαυιῖ,
2399 1640 2421 1650 -
2449 1640 2473 1651 -
2496 1628 2605 1679 quo
2629 1612 2867 1678 miqrant
2885 1617 3026 1678 sata,

678 1675 899 1730 venitm·
911 1678 1092 1731 arbos.
1130 1677 1421 1732 Dicebatur
1454 1678 1554 1732 hoc
1590 1678 1882 1732 secundum
1906 1678 2070 1745 Legg.
2099 1677 2220 1732 XII.
2247 1677 2412 1732 Tabb.
2439 1676 2584 1747 apud
2609 1676 2748 1731 Plin.
2776 1676 3026 1734 HVHI.

680 1747 730 1808 2,
758 1748 805 1799 4.
818 1746 1026 1813 fraqe-s
1044 1753 1352 1800 excantare.
1383 1775 1443 1785 —
1472 1743 1590 1804 100.
1631 1745 1879 1808 „Novum
1905 1750 1959 1800 et
1985 1746 2339 1799 fortissimum
2365 1749 2489 1814 post
2512 1749 2692 1799 cetera
2715 1747 2870 1825 {quae
2893 1744 3028 1799 nihil

679 1810 856 1866 adhuc
894 1812 1148 1867 videntur
1170 1813 1476 1882 profecisse]
1500 1813 1882 1867 incantationis
1905 1830 2074 1882 genus
2101 1813 2322 1882 adgredi
2348 1812 2588 1876 videtur,
2625 1817 2689 1866 ut
2716 1829 2942 1867 cinerem
2968 1829 3028 1867 ex

678 1895 775 1933 ara
797 1879 851 1933 in
879 1895 1077 1950 aquam
1097 1881 1353 1935 fluentem
1374 1897 1509 1951 pone
1535 1884 1696 1950 caput
1722 1880 1909 1935 iaciat:
1948 1880 2087 1949 quod
2123 1881 2321 1950 partim
2348 1896 2470 1934 cum
2496 1881 2825 1950 expiationis,
2855 1880 3027 1934 flumi-

678 1947 1600 2086 ffifflssri'sivssfflf‘hffiffieffl
1650 1948 3028 2085 ‹ss'iifffflss‘aniffifi1⁰⁰¹¹32¹¹³9225⁸⁸ss33ffi⁹i35213

677 2087 861 2138 autem
896 2087 1026 2137 sunt
1063 2085 1266 2138 cineres
1301 2084 1538 2138 omnium
1574 2099 1751 2137 reruni
1789 2085 1966 2149 (turis,
2003 2083 2394 2150 imagunculae,
2432 2070 2621 2145 molae,
2659 2083 2798 2136 lauri
2834 2087 2888 2137 ct
2911 2099 3027 2138 ver-

676 2151 958 2208 benarum)
994 2150 1049 2204 iii
1095 2167 1190 2205 ara
1230 2154 1705 2206 concrematarum.
1752 2181 1819 2190 —
1850 2154 2076 2221 foras.
2125 2150 2205 2206 Cf.
2254 2153 2365 2205 not.
2413 2150 2482 2204 ad
2529 2167 2574 2205 v.
2623 2155 2704 2205 64.
2753 2155 2808 2205 et
2850 2150 3026 2206 Hand.

677 2218 831 2272 'hi-s.
869 2217 938 2272 Π.
1017 2262 1027 2271 .
1070 2221 1182 2273 705.
1223 2248 1285 2256 -
1321 2220 1469 2273 rivo
1495 2220 1784 2287 fluenti.
1823 2219 1855 2273 i.
1894 2236 1938 2274 e.
1975 2219 2030 2272 in
2067 2219 2257 2281 rivum,
2294 2222 2359 2273 ut
2392 2218 2502 2272 Ecl.
2538 2218 2612 2279 Π,
2651 2223 2730 2273 30.
2769 2218 2881 2282 ‘ubi
2920 2219 3022 2273 vid.

677 2285 909 2344 adnott.)
996 2303 1070 2340 eo,
1107 2286 1181 2342 11.
1218 2289 1333 2340 290.
1374 2291 1429 2340 et
1465 2287 1592 2341 Aen.
1630 2286 1695 2342 X.
1736 2290 1849 2339 683.
1920 2287 1999 2341 De
2027 2287 2143 2356 ipsa
2167 2303 2223 2340 re
2248 2285 2502 2340 cf.Rutil.
2531 2286 2574 2344 1.
2613 2290 2726 2340 204.
2756 2290 2811 2340 et
2837 2286 3025 2341 iisdem

677 2353 853 2408 verbis
867 2352 968 2407 Cal
1004 2370 1125 2408 urii.
1147 2353 1258 2408 Ecl.
1285 2353 1380 2410 XI.
1408 2357 1489 2407 64.
1518 2355 1830 2423 cineresque
1849 2373 2046 2407 aversa
2071 2355 2269 2425 effudit
2285 2355 2343 2406 iu
2360 2371 2588 2419 αηιηεηι,
2611 2353 2790 2424 ibique
2807 2354 3026 2408 Titium.

679 2451 741 2461 -
779 2419 897 2480 101.
992 2439 1157 2475 rans
1208 2439 1283 2473 ue
1318 2428 1518 2492 caput
1551 2424 1719 2488 iace,
1756 2421 1868 2475 scil.
1906 2438 2107 2475 aversa.
2145 2421 2350 2489 Copula
2383 2426 2567 2475 antem
2601 2440 2702 2490 que
2741 2423 2852 2476 fere
2886 2421 3028 2476 idem

678 2491 763 2544 est
799 2488 940 2559 quod
974 2497 1028 2543 et
1147 2489 1159 2501 ’
1260 2509 1293 2543 ι.
1328 2488 1488 2544 Haud
1531 2505 1652 2544 raro
1687 2489 1828 2544 enim
1864 2489 2069 2558 Copula
2101 2488 2405 2559 inaequalia
2439 2489 2681 2544 membra
2707 2490 2785 2544 ita
2811 2490 3025 2544 coniun-

718 2557 777 2619 ·t,
815 2560 880 2610 ut
914 2558 1184 2626 posterius
1258 2558 1368 2612 rius
1405 2557 1646 2612 illustret
1682 2564 1736 2612 et
1770 2559 2074 2612 accuratius
2108 2557 2342 2611 definiat.
2380 2557 2460 2611 cf.
2490 2558 2613 2612 Ge0.
2649 2558 2722 2621 11,
2760 2563 2872 2612 290.
2910 2561 3025 2613 428.

677 2573 780 2687 fil,
820 2627 935 2679 238.
973 2626 1102 2680 Aen.
1140 2625 1184 2690 I,
1219 2575 1408 2685 3111,
1448 2630 1562 2679 329.
1600 2625 1692 2685 IV,
1735 2628 1844 2678 102.
1883 2625 1946 2687 V,
1989 2629 2102 2679 327.
2139 2629 2254 2679 447.
2292 2628 2409 2679 498.
2448 2624 2542 2683 VI.
2580 2625 2872 2683 640.V111.
2911 2629 3024 2680 610.

678 2691 744 2753 Χ,
782 2695 893 2746 734.
921 2692 1016 2755 XI,
1055 2696 1167 2747 569.
1193 2694 1308 2746 673.
1338 2692 1462 2755 XII,
1502 2697 1617 2746 502.
1646 2696 1703 2746 et
1728 2693 1918 2761 Wagn.
1950 2692 2046 2758 Qu.
2077 2692 2225 2759 Virg.
2250 2692 2496 2753 XXXIV,
2536 2696 2581 2746 2.
2629 2694 2710 2747 De
2736 2694 2853 2762 ipsa
2878 2709 2935 2748 re
2958 2694 3024 2748 cf.

678 2759 866 2814 Claud.
903 2759 970 2813 de
1001 2759 1096 2814 vi.
1134 2760 1288 2814 Cous,
1320 2760 1455 2815 Hon.
1494 2763 1609 2815 329.
1634 2759 1818 2815 Trans
1836 2768 2005 2830 caput
2023 2761 2234 2814 aversis
2256 2761 2507 2813 manilnw
2531 2761 2806 2814 incidatur
2827 2761 2885 2813 in
2909 2763 3025 2814 Aa·

675 2835 849 2881 seriam
884 2828 1081 2881 Secum
1113 2836 1377 2898 rapturas
1414 2835 1638 2882 cantata
1666 2829 1901 2908 piacula
1936 2831 2144 2882 caedem.
2214 2828 2367 2881 Ovid.
2397 2827 2547 2881 Fast.
2586 2827 2650 2891 V,
2686 2832 2799 2881 437.
2836 2829 3028 2895 nim-as

677 2895 883 2966 accipit
916 2912 1012 2949 ore
1047 2896 1229 2965 sabas
1271 2897 1617 2965 Aversumque
1660 2897 1806 2949 uecit.
1872 2895 2052 2974 Eurip.
2102 2894 2351 2949 Androm.
2413 2898 2527 2949 294.
2589 2894 2729 2961 ὑπὲρ
2774 2897 3024 2966 κεφαλὰν

678 2964 871 3029 ἔβαλεν
901 2961 1096 3018 κακόν.
1128 2992 1193 3002 -
1228 2978 1343 3017 nec
1384 2980 1491 3017 res
1547 2964 1768 3016 exeris
1843 2979 1908 3018 ne
1946 2980 2021 3017 rei
2065 2979 2280 3025 noceaS,
2329 2978 2467 3032 quae
2509 2962 2665 3017 irrita
2703 2962 2820 3016 fieri
2853 2963 3025 3031 possit

677 3029 817 3084 oculi
850 3029 1071 3084 humani
1106 3029 1381 3100 adspectu.
1440 3030 1521 3084 C.
1561 3029 1711 3084 Ovid.
1751 3003 1899 3084 Plast.
1938 3031 2002 3093 V,
2044 3034 2157 3084 439.
2201 3031 2331 3083 Hoc
2368 3032 2557 3083 novies
2598 3031 2751 3095 dicit,
2797 3048 2896 3084 nec
2937 3048 3022 3083 re-

676 3098 855 3168 spicit.
888 3096 1070 3152 Plaut.
1095 3097 1254 3152 Most.
1292 3097 1363 3160 Π,
1402 3102 1451 3161 2,
1494 3103 1573 3152 88.
1619 3096 1761 3151 Care
1792 3099 2054 3169 resposis,
2079 3100 2224 3166 fuqe
2262 3108 2312 3150 ct
2346 3098 2511 3177 operi
2545 3106 2724 3168 caput.
2774 3098 3023 3151 Ceterum

679 3164 818 3220 hanc
859 3165 1026 3229 Med,
1072 3165 1188 3220 Pal.
1233 3182 1266 3219 a
1309 3183 1378 3219 m.
1425 3183 1503 3234 pr.
1551 3165 1777 3219 aliorum
1818 3182 1882 3219 ue
1937 3166 2196 3220 librorum
2254 3166 2539 3220 lectionem
2594 3170 2736 3219 recte
2782 3164 3023 3218 defendit

677 3233 888 3312 Wagn..
926 3249 1083 3303 quein
1112 3233 1432 3303 posteriores
1453 3249 1637 3287 omnes
1662 3182 1831 3286 secuzi
1863 3237 2009 3291 sunt,
2051 3249 2172 3287 cnm
2206 3238 2421 3287 vetetur
2446 3232 2739 3301 Amaryllis
2765 3234 3024 3301 respicere

676 3301 741 3355 in
780 3299 1104 3361 iaciendo;
1141 3301 1221 3354 ita
1258 3304 1322 3354 ut
1356 3317 1451 3369 pro
1486 3300 1632 3370 vulg.
1668 3319 1733 3353 nc
1769 3299 1917 3354 Part.
1956 3300 2261 3369 copulativa
2293 3301 2616 3370 requiratur,
2655 3299 2932 3354 referenda
2956 3299 3024 3353 ad

677 3367 833 3422 modo
866 3384 1239 3437 praegressum
1274 3367 1411 3423 illud
1449 3368 1734 3437 Tramquc
1768 3387 1836 3423 ca
1971 3370 2107 3421 iace.
2134 3368 2289 3422 Haud
2328 3385 2450 3422 raro
2487 3372 2668 3422 autem
2701 3385 2799 3422 nec
2833 3368 2909 3420 sic
2945 3367 3023 3421 in-

677 3434 837 3489 choat
878 3434 1204 3490 sententiam
1238 3434 1442 3505 aliquid
1479 3439 1770 3490 vetantem.
1854 3436 1891 3488 f.
1928 3452 2092 3504 supra
2124 3452 2170 3489 v.
2209 3438 2289 3490 88.
2327 3436 2451 3490 Geo.
2488 3434 2588 3490 111.
2625 3438 2704 3489 96.
2738 3438 2854 3488 435.
2892 3435 3019 3490 Aen.

676 3502 779 3568 IV,
827 3506 942 3558 618.
979 3503 1054 3565 X,
1092 3505 1173 3557 32.
1210 3501 1342 3563 ΧΠ.
1389 3506 1505 3557 801.
1543 3508 1643 3558 etc.
1683 3518 1804 3556 cuni
1841 3502 1933 3567 iis,
1980 3520 2113 3573 quae
2148 3502 2344 3557 Obbar.
2384 3504 2436 3556 in
2477 3502 2769 3556 Muetzellii
2803 3501 3019 3572 Ephem.

676 3586 855 3640 gyinn.
893 3587 941 3625 a.
981 3574 1125 3624 1850.
1163 3586 1213 3640 p.
1242 3574 1355 3624 549.
1384 3573 1440 3625 et
1466 3573 1581 3625 899.
1609 3570 1922 3640 disputavit.
1970 3602 2036 3611 —
2085 3570 2152 3623 H
2158 3572 2235 3635 is,
2274 3570 2385 3625 scil.
2414 3570 2676 3629 omnibus,
2709 3585 2842 3639 quae
2867 3570 3021 3623 modo

676 3639 944 3708 expositae
979 3642 1125 3699 sunt,
1162 3637 1373 3692 artibus
1407 3638 1645 3707 magicis.
1680 3669 1747 3678 —
1788 3635 1907 3697 102.
1944 3639 2119 3692 nihil
2155 3640 2278 3694 ille
2309 3639 2469 3692 deos
2572 3638 2628 3691 ui
2665 3637 2808 3691 inter
2842 3637 3022 3691 incan-

676 3705 905 3760 tandum
952 3706 1126 3760 vocati
1175 3710 1354 3769 erant,
1404 3710 1573 3760 curat.
1654 3704 1995 3775 Repetuntnr
2040 3705 2169 3760 haec
2212 3706 2376 3760 verba
2420 3678 2514 3758 nbi
2603 3705 2698 3759 alc
2739 3708 2895 3770 deos,
2940 3706 3023 3760 nil

677 3775 928 3828 omnnem
960 3780 1122 3828 curat
1156 3774 1226 3826 ab
1262 3773 1445 3827 eodem
1474 3772 1569 3827 illo
1603 3772 1826 3842 Vergilii
1862 3774 2134 3828 imitatore
2169 3773 2225 3827 iii
2258 3772 2422 3828 Anth.
2461 3773 2581 3827 Lat.
2605 3772 2786 3827 Bnrm.
2824 3773 2866 3834 I,
2908 3776 3018 3835 178,

681 3844 789 3895 177.
853 3871 917 3880 -
976 3841 1228 3896 Ceterum
1277 3841 1468 3921 Peiper
1520 3840 1575 3895 in
1634 3839 1798 3895 Novis
1855 3840 2046 3895 Annal.
2105 3839 2233 3910 phil.
2282 3840 2400 3894 Vol.
2466 3839 2753 3894 LXXXIX.
2809 3857 2858 3909 p.
2921 3844 3021 3895 456

677 3926 793 3979 sqq.
839 3907 1210 3978 antistrophas
1244 3912 1529 3978 septimam
1570 3911 1626 3963 et
1664 3916 1909 3963 octavam
1946 3920 2013 3975 μ’.
2051 3912 2264 3964 94-98.
2305 3913 2360 3963 et
2397 3911 2696 3964 100-102.)
2745 3908 3022 3978 transponi

677 3976 895 4056 suadete,
952 3980 1015 4030 ut
1069 3991 1317 4030 versuum
1370 3977 1577 4030 numeri
1623 3977 1929 4031 accuratius
1971 3975 2325 4056 respondeant
2372 3976 2713 4055 stropharum
2765 3979 3021 4033 (47-56.)

674 4043 2147 4191 ‘wasser.5.5;.³5.‘50,‘1³.2³.³·.52323²2323;
2186 4045 2588 4191 3335333?
2605 4043 3022 4191 aare&

677 4195 814 4301 {luae
850 4179 1057 4234 Ladew,
1098 4195 1152 4233 ui
1188 4179 1492 4249 Appendice
1522 4197 1577 4300 p
1624 4183 1731 4234 190.
1771 4184 1959 4233 contra
1993 4195 2113 4234 euin
2154 4179 2415 4249 disputat.
2486 4178 2618 4232 Mihi
2662 4195 2923 4258 imprimis
2956 4179 3020 4232 il-

699 4246 774 4302 ud
807 4247 1109 4316 urgendum
1145 4246 1376 4302 videtur.
1415 4263 1520 4318 quo
1592 4247 1667 4301 sic
1702 4248 1867 4301 verba
1902 4249 2032 4301 dum
2058 4249 2223 4315 ferre
2248 4264 2438 4301 moror
2460 4262 2507 4301 v.
2542 4251 2652 4300 105.
2681 4263 2838 4299 minis
2862 4245 3020 4315 longe

678 4318 1019 4370 removentur
1051 4315 1120 4369 ab
1158 4314 1269 4369 illis
1293 4315 1408 4368 Fer
1444 4316 1654 4369 cineres
1687 4318 1785 4369 etc.
1825 4320 1880 4369 et
1919 4315 2058 4384 quod
2099 4316 2261 4370 verba
2295 4315 2436 4369 nihil
2473 4315 2569 4369 illo
2601 4316 2751 4379 deos,
2791 4314 2873 4368 nil
2895 4332 3019 4368 car-

677 4384 827 4438 mina
864 4391 1025 4437 curat
1057 4383 1393 4452 aptissimam
1429 4383 1671 4437 efficiunt
1709 4383 1878 4436 totins
1916 4382 2164 4437 carminis
2204 4381 2516 4437 clausulam.
2563 4411 2622 4420 —
2653 4378 2772 4440 104.
2811 4382 3020 4449 „cinis

677 4451 1018 4522 corripuit
1067 4451 1369 4504 tremulis
1412 4452 1745 4520 flammis,
1781 4450 1832 4504 h.
1872 4466 1914 4504 e.
1952 4450 2198 4504 flammae
2235 4467 2296 4505 ex
2332 4451 2505 4504 cinere
2544 4454 2689 4503 moto
2724 4450 3019 4519 corripuere

679 4535 847 4579 aram,
868 4520 1183 4572 exarserunt
1203 4518 1258 4571 in
1279 4533 1400 4579 araz
1428 4534 1514 4572 res
1539 4519 1792 4577 ominosa,
1816 4524 1880 4572 ut
1903 4519 2336 4585 notum.“Heyn.
2363 4517 2625 4572 Excinere
2635 4518 2774 4571 enim
2784 4517 3018 4571 nondum

678 4586 864 4641 ablate
901 4586 988 4653 (cf.
1034 4602 1082 4640 v.
1134 4589 1268 4643 100.)
1312 4590 1531 4655 repente
1575 4586 1769 4640 emicat
1811 4586 2029 4639 flamina
2072 4585 2127 4639 in
2165 4585 2346 4649 altari,
2384 4585 2524 4656 quod
2561 4585 2792 4639 venefica
2821 4585 3018 4639 bonum

679 4657 745 4708 ut
778 4655 853 4707 sit
881 4669 1036 4709 omen
1070 4656 1336 4724 precatur.
1410 4654 1696 4708 Tremulus
1731 4656 1912 4708 autem
1949 4654 2084 4707 satis
2118 4657 2306 4722 aptum
2340 4653 2677 4708 flammarum
2715 4668 3018 4721 corporum·
