3616 5026
564 225 677 287 138
1258 219 1329 284 P.
1373 214 1744 284 VERGILI
1784 213 2181 283 MARONIS

554 385 803 473 Mopse,
847 408 1051 452 novas
1089 383 1306 450 incide
1343 383 1551 451 faces:
1593 383 1714 449 tibi
1757 381 2018 449 ducitur
2057 405 2255 466 uxor3

558 466 2032 618 Spffffss’hmf‘fi‘efflffiizfflssffifissffz
2067 465 2511 615 magu?-

558 636 615 702 O
659 601 854 721 dig‘no
898 573 1240 700 ‹czssffiuncta
1276 636 1440 716 viro,
1481 633 1633 699 dum
1679 598 1963 720 despicis
2007 571 2214 698 ommn⁷is
2440 598 2455 613 ⁶

554 719 855 804 Dumque
898 717 1019 783 tibi
1063 728 1160 782 est
1201 715 1348 782 odio
1390 739 1536 782 mea
1578 714 1795 782 fistula
1837 714 2116 804 dumque
2158 714 2447 802 capellae

553 1004 657 1072 leg.
690 1020 742 1073 p.
779 1006 898 1057 430.
971 1003 1137 1058 Poeta
1170 1002 1335 1058 Anth.
1371 1004 1492 1057 Lat.
1527 1002 1709 1057 Burm.
1745 1003 1811 1065 V,
1853 1005 1973 1067 133,
2009 1006 2094 1058 21.
2137 1003 2234 1057 hos
2267 1020 2451 1059 versus
2492 1003 2571 1057 sic
2610 1002 2881 1058 imitatur:

549 1071 817 1139 Iuaqawr
837 1088 980 1125 nunc
1003 1089 1167 1126 cerva
1182 1070 1360 1135 asino,
1398 1089 1542 1124 nunc
1565 1071 1728 1136 tiaris
1751 1088 1981 1139 onaqro,
2019 1070 2287 1151 Imqatur
2297 1073 2456 1141 fesso
2477 1071 2695 1125 concita
2717 1071 2886 1126 dana

552 1139 702 1204 bovi,
751 1143 808 1194 et
840 1139 979 1209 ipse,
1028 1143 1092 1194 ut
1128 1156 1249 1200 nos,
1295 1139 1475 1193 locum
1520 1141 1763 1192 nostrum
1805 1137 1872 1192 de
1913 1139 2170 1193 iumentis
2211 1140 2408 1193 iunctis
2450 1140 2506 1193 in
2611 1138 2623 1151 ⁹
2733 1155 2776 1192 s.
2817 1170 2882 1178 —

551 1205 682 1261 Post
726 1206 868 1260 hunc
907 1223 1118 1262 versum
1160 1206 1415 1261 Ribbeck.
1474 1209 1655 1275 (quem
1698 1207 1942 1275 sequitur
1976 1206 2297 1273 Conington)
2352 1222 2414 1261 ex
2457 1222 2563 1261 uno
2722 1249 2734 1260 .
2772 1205 2882 1261 Gu-

551 1274 707 1328 diano
747 1275 946 1344 repetit
976 1290 1189 1330 versum
1221 1273 1613 1334 intercalarem,
1647 1273 1756 1327 iam
1790 1272 1927 1329 God.
1960 1273 2330 1329 Hermannum
2364 1274 2433 1329 ad
2469 1274 2687 1328 Bionem
2720 1291 2773 1354 p.
2798 1278 2884 1328 46.

549 1342 876 1412 perspexisse
908 1343 1188 1405 adnotans,
1233 1344 1330 1396 aut
1364 1341 1465 1395 hoc
1498 1339 1818 1405 faciendum,
1858 1344 1957 1395 aut
1990 1357 2200 1396 versum
2227 1341 2605 1397 intercalarem
2628 1343 2884 1395 aninatm·

549 1409 686 1479 phae
726 1412 852 1480 post
895 1426 942 1465 v.
981 1414 1063 1464 75.
1108 1409 1395 1465 delendum
1440 1424 1570 1463 esse.
1639 1407 1752 1462 Nos
1796 1410 1979 1479 potius
2023 1408 2179 1463 illum
2231 1408 2550 1474 delevimus3
2608 1407 2884 1464 Ribbeckii

550 1478 691 1532 enim
723 1477 927 1532 ratione
965 1477 1196 1533 efficitur
1237 1482 1350 1531 stro
1389 1476 1460 1531 ha
1503 1476 1727 1530 duorum
1776 1492 2029 1531 versuum
2076 1494 2284 1532 omnem
2328 1477 2579 1532 carminis
2617 1476 2884 1531 concinni·

548 1546 718 1599 tatem
762 1549 1021 1601 evertens.
1089 1543 1247 1615 Apud
1280 1544 1349 1598 Ri
1385 1543 1629 1599 beckium
1673 1543 1897 1614 stropha
1938 1545 2015 1598 sic
2051 1548 2137 1599 est
2180 1547 2510 1599 constructa:
2555 1549 2604 1608 4,
2642 1547 2691 1607 3,
2727 1548 2777 1606 3,
2813 1547 2863 1599 2.

548 1617 598 1678 4,
635 1618 683 1674 5,
720 1615 768 1667 3.
799 1615 807 1681 1
840 1617 889 1677 3,
927 1618 975 1675 5,
1012 1617 1061 1667 4.
1092 1615 1100 1680 Ι
1132 1654 1146 1677 ,
1202 1612 1347 1693 apud
1389 1628 1488 1665 noe
1532 1626 1656 1665 vero
1692 1611 1794 1666 sic:
1840 1615 1890 1674 4,
1927 1614 1977 1672 3,
2015 1615 2063 1667 5.
2093 1614 2102 1680 Ι
2138 1615 2191 1674 4,
2231 1618 2280 1674 5,
2315 1617 2364 1667 3.
2394 1622 2403 1681 1
2442 1615 2490 1676 3,
2527 1618 2577 1674 5,
2617 1615 2703 1666 4.5.
2745 1611 2885 1667 Utra

550 1681 688 1735 ratio
725 1683 980 1750 praestet,
1019 1680 1113 1735 alii
1146 1679 1398 1734 iudicent.
1467 1678 1553 1733 Cf.
1587 1683 1770 1733 autem
1804 1678 1986 1733 adnot.
2023 1679 2095 1734 ad
2128 1696 2179 1735 v.
2217 1685 2297 1735 75.
2334 1712 2400 1721 -
2442 1676 2536 1740 29.
2579 1679 2881 1735 Instantem

546 1748 716 1818 Mopsi
766 1747 1084 1804 felicitatem
1143 1748 1385 1818 cogitans
1431 1747 1640 1800 Damon
1704 1747 1843 1800 ritus
1897 1747 2169 1816 nuptiales
2227 1748 2416 1818 incipit
2467 1762 2756 1802 recensere.
2812 1779 2879 1788 —

547 1832 794 1878 „novas
830 1817 1052 1871 incide
1072 1820 1290 1885 faces,
1325 1815 1508 1869 incisis
1542 1814 1706 1883 lignis
1739 1830 1874 1884 para
1897 1814 2087 1869 taedas
2111 1814 2391 1870 adnovam
2415 1817 2641 1884 nuptam
2664 1813 2881 1870 domum

547 1881 924 1938 deducendam.
993 1882 1171 1964 Epith.
1216 1901 1392 1937 novas
1436 1885 1594 1937 ornat
1636 1881 2007 1951 simpliciter.⁴‘
2068 1883 2246 1949 Heyn.
2317 1883 2488 1937 Immo
2522 1900 2695 1937 novas
2759 1900 2884 1937 acce

546 1950 731 2004 incide
764 1950 978 2006 videtur
1012 1951 1335 2019 significare:
1385 1950 1559 2020 incipe
1590 1949 1735 2004 faces
1769 1948 2017 2004 incidere.
2089 1950 2172 2005 Cf.
2214 1950 2422 2005 adnott.
2459 1949 2529 2004 ad
2564 1950 2694 2004 Aen.
2866 1991 2879 2011 ,

548 2022 662 2073 695.
698 2018 952 2074 Incidere
1016 2036 1141 2073 aces
1169 2019 1369 2088 legitur
1402 2019 1568 2072 etiam
1592 2016 1732 2072 Plin.
1769 2016 1969 2081 xvm,
2007 2020 2089 2079 26,
2127 2023 2210 2071 63.
2247 2021 2303 2073 et
2336 2018 2544 2073 Colum.
2577 2017 2671 2080 XI,
2700 2021 2749 2082 2,
2777 2023 2878 2081 90.,

547 2094 611 2141 ut
640 2087 916 2157 inspicare
983 2104 1107 2141 aces
1140 2085 1266 2141 Gen.
1301 2086 1355 2148 Ι,
1392 2089 1537 2149 292.,
1581 2085 1674 2139 ubi
1717 2084 1827 2138 vid.
1863 2084 2074 2139 adnott.
2111 2119 2172 2125 ——-
2225 2086 2354 2140 tihi
2401 2086 2672 2140 ducitur
2716 2103 2882 2140 uxor

545 2154 735 2223 Wagn.
772 2154 1068 2209 rectissime
1105 2153 1357 2234 explicat:
1400 2154 1545 2218 „iam
1579 2154 1633 2206 in
1672 2169 1733 2206 eo
1767 2155 1869 2216 est,
1910 2155 1974 2206 ut
2008 2151 2225 2207 domum
2258 2156 2410 2207 tuam
2447 2156 2620 2223 nupta
2652 2151 2881 2208 deduca-

546 2225 690 2275 tur.“
760 2220 896 2276 Vide
938 2221 1119 2291 paullo
1153 2222 1377 2276 mferius
1419 2220 1694 2275 adnotata.
1765 2219 2039 2289 Repetunt
2070 2220 2203 2275 haec
2233 2222 2397 2276 verba
2436 2225 2683 2275 auctores
2716 2236 2879 2276 earm.

548 2290 603 2343 in
635 2287 800 2343 Anth.
835 2288 956 2343 Lat.
992 2290 1177 2344 Burm.
1211 2289 1255 2354 1,
1299 2292 1411 2348 172.
1447 2293 1530 2342 40.
1565 2291 1622 2342 et
1659 2291 1772 2348 178,
1811 2290 1927 2341 201.
1963 2319 2028 2329 -
2063 2286 2153 2348 30.
2192 2288 2470 2360 Spar-90,
2510 2290 2747 2343 marite
2788 2288 2879 2355 (cf.

545 2359 658 2411 not.
691 2355 761 2411 ad
798 2372 848 2411 v.
887 2360 987 2424 18.)
1028 2374 1238 2412 nuces.
1305 2356 1370 2411 In
1417 2356 1774 2410 Romanorum
1816 2356 2022 2425 nuptiis
2069 2357 2463 2426 spargebantur
2507 2370 2670 2411 nuces
2711 2371 2783 2410 nu
2821 2362 2884 2411 ta

545 2426 650 2480 iam
685 2424 739 2477 in
775 2423 990 2479 domum
1036 2428 1091 2478 et
1132 2423 1433 2478 thalamum
1477 2423 1732 2486 deducta,
1776 2422 2002 2492 ideoque
2044 2427 2201 2479 nocte
2242 2424 2350 2478 iam
2394 2428 2539 2488 orta;
2590 2439 2752 2493 quare
2836 2424 2882 2477 'c

544 2493 822 2564 Hesperus
855 2491 1182 2563 adiungitur.
1251 2492 1335 2548 cf.
1371 2493 1534 2548 etiam
1570 2490 1771 2547 Catull.
1806 2490 1918 2546 LX.
1956 2493 2055 2546 328
2080 2509 2108 2546 s
2148 2536 2158 2547 .
2228 2491 2517 2562 Vituperat
2550 2493 2732 2547 autem
2764 2490 2883 2547 Ma·

543 2577 722 2615 ronem
756 2560 947 2630 Wagn.
1029 2577 1082 2615 u.
1120 2560 1267 2630 Virg.
1301 2560 1414 2616 XL.
1452 2563 1519 2624 3.,
1559 2558 1699 2629 quod
1734 2560 2034 2614 Romanum
2072 2561 2119 2613 ri
2273 2559 2342 2614 ad
2376 2559 2607 2615 Graecos
2638 2559 2879 2614 homines

543 2628 902 2683 transtulerit.
1026 2644 1113 2682 am
1149 2644 1260 2682 rem
1294 2629 1349 2681 in
1385 2628 1611 2683 Graecia
1643 2627 1757 2696 agi,
1806 2626 2043 2682 indicare
2086 2628 2171 2682 vel
2206 2628 2441 2707 ipsorum
2475 2631 2753 2697 pastorum
2786 2644 2880 2681 no-

544 2697 689 2750 mina
728 2696 815 2751 vel
857 2695 1020 2751 illud:
1072 2695 1178 2749 aba·
1220 2696 1419 2749 (lexerit
1453 2695 1734 2766 Hesperus
1768 2698 1976 2750 Oetam.
2046 2695 2128 2749 Cf.
2178 2699 2342 2750 etlam
2391 2696 2614 2764 Argum.
2658 2694 2879 2749 Vossius

544 2768 724 2818 tamen
758 2763 900 2817 hunc
933 2779 1134 2818 morem
1168 2779 1340 2832 neque
1376 2779 1410 2817 a
1444 2763 1660 2818 Graecis
1697 2778 1916 2832 prorsus
1950 2762 2185 2817 alienum
2221 2763 2386 2817 fuisse
2420 2766 2618 2817 censet.
2656 2793 2721 2803 —
2757 2762 2884 2817 tibi

543 2831 731 2902 Wagn.
766 2831 999 2901 explicat
1034 2831 1174 2892 „tibi
1212 2847 1277 2884 cu
1315 2831 1506 2891 ienti,“
1543 2846 1856 2901 comparans
1895 2829 2023 2884 Grec.
2062 2831 2147 2891 11.
2182 2832 2297 2884 252.
2347 2829 2449 2895 IV,
2486 2834 2603 2885 354.
2661 2831 2793 2886 Aen.
2832 2831 2876 2892 1,

546 2902 658 2954 136.
693 2899 767 2953 ali
863 2914 931 2952 ue
964 2899 1124 2959 locos,
1158 2899 1252 2952 ubi
1277 2847 1505 2953 Bativus
1540 2898 1776 2952 animum
1812 2897 1886 2951 ali
1924 2914 1994 2952 uo
2031 2898 2187 2952 modo
2222 2899 2475 2952 affectum
2510 2896 2734 2961 indicet;
2771 2914 2880 2968 qua

544 2967 610 3021 de
650 2983 706 3021 re
752 2966 808 3020 di
1001 2969 1087 3021 est
1133 2981 1298 3044 supra
1333 2965 1403 3019 ad
1444 2982 1494 3021 v,
1529 2970 1579 3020 6.
1647 2963 1781 3019 Mihi
1830 2981 1898 3034 po
1929 2966 2009 3019 'us
2055 2965 2280 3020 Dativus
2333 2964 2596 3020 commodi
2644 2965 2875 3029 videtur,

543 3037 608 3089 ut
655 3051 841 3089 sensus
885 3033 985 3088 sit:
1036 3035 1087 3087 in
1130 3036 1213 3086 tm
1249 3034 1483 3101 gratiam
1530 3049 1631 3087 nox
1674 3033 1961 3087 adventat:
2022 3036 2079 3088 te
2138 3049 2280 3087 nune
2334 3036 2648 3103 exspectant
2705 3034 2878 3088 noctis

541 3102 767 3173 genialis
809 3100 1022 3170 gaudia.
1104 3100 1391 3156 Verissime
1439 3103 1621 3155 autem
1667 3098 1762 3154 Vir
1813 3099 2032 3154 doctiss.
2083 3100 2328 3171 disputat
2380 3103 2569 3155 contra
2610 3100 2876 3164 Vossium,

541 3166 2743 3305 ffleffwffimhissu⁰“2‘iii'ffiaee‘2ssiiemffuffffiffffigffl”tqffiffilimdssffi
2758 3185 2879 3291 ⁸523}

542 3306 769 3366 venerit,
809 3303 1079 3374 Hesperus
1122 3302 1327 3363 luceat,
1376 3319 1440 3357 ac
1475 3302 1569 3356 diu
1611 3306 1829 3373 sperata
1864 3303 2064 3371 gaudia
2099 3304 2199 3356 tibi
2235 3304 2491 3368 afferat3‘·
2534 3318 2661 3358 nam
2711 3303 2878 3360 dedu-

542 3373 769 3427 ctionem
806 3372 985 3426 uxoris
1021 3385 1323 3441 nucumque
1358 3371 1702 3441 sparsionem,
1740 3371 1949 3440 vesperi
1982 3371 2098 3425 fieri
2130 3371 2344 3425 solitam
2359 3412 2372 3433 ,
2417 3374 2599 3425 vetare
2612 3413 2625 3431 ,
2669 3388 2737 3426 ne
2770 3372 2878 3426 He-

541 3455 755 3510 sperum
787 3438 840 3495 h.
874 3438 913 3493 l.
948 3439 1234 3509 inproprie
1266 3438 1889 3501 dictum—existimemus,
1929 3441 1985 3492 et
2020 3438 2177 3493 facile
2212 3455 2369 3507 posse
2400 3440 2711 3503 Damonem,
2749 3439 2879 3495 licet

542 3509 650 3562 ista
716 3508 850 3561 rimo
883 3522 1040 3562 mane
1074 3510 1259 3569 canat,
1296 3522 1382 3570 ea,
1421 3522 1556 3576 quae
1592 3522 1710 3560 mox
1743 3505 1933 3560 futura
1970 3511 2165 3571 essent,
2202 3507 2379 3561 animo
2413 3507 2522 3560 iam
2557 3507 2876 3577 praecipere.

554 3607 607 3616 -
687 3573 888 3629 eser-it
928 3575 1265 3644 Hesperus
1307 3574 1553 3636 Oetam,
1607 3572 1644 3627 i.
1679 3589 1725 3628 e.
1769 3589 1935 3643 supra
1972 3573 2164 3629 Oetam
2198 3574 2427 3643 primum
2466 3574 2613 3628 visus
2649 3575 2758 3629 iam
2795 3593 2877 3630 re·

541 3643 779 3712 linquere
821 3658 939 3696 eam
1019 3641 1272 3696 rocedens
1315 3640 1546 3696 videtur.
1615 3640 1940 3696 Sollemnem
1981 3641 2094 3696 fere
2135 3645 2412 3711 poetarum
2448 3658 2631 3706 usum,
2676 3659 2738 3698 ex
2772 3659 2877 3723 quo

578 3710 837 3765 romiscue
870 3726 927 3763 m
996 3727 1026 3764 o
1061 3710 1118 3763 in
1152 3712 1292 3771 ortu,
1332 3709 1490 3763 modo
1526 3710 1581 3762 in
1614 3724 1805 3764 occasu
1840 3708 1969 3764 solis
1993 3709 2215 3763 Veneris
2253 3710 2430 3774 stella,
2475 3709 2734 3778 (Lucifer
2766 3727 2878 3765 sive

604 3780 842 3848 eoperm)
876 3777 945 3831 ab
979 3776 1193 3832 Oetaeis
1228 3777 1500 3832 montibus
1535 3776 1660 3831 oriri
1693 3778 1728 3832 i.
1766 3793 1814 3830 e.
1856 3777 1911 3830 in
1948 3782 2290 3847 conspectum
2322 3777 2502 3832 venire
2536 3775 2749 3833 dicatur
2783 3778 2874 3843 (cf.

541 3844 659 3900 Cul.
695 3847 811 3899 202.
870 3843 950 3897 Et
1044 3844 1056 3858 ’
1089 3861 1150 3898 er
1190 3853 1390 3900 aurato
1434 3844 1689 3914 procedit
1739 3844 1944 3915 Vesper
1988 3847 2060 3898 ab
2106 3845 2264 3901 Oeta.
2309 3845 2456 3899 Cirin
2492 3848 2607 3900 350.
2669 3845 2873 3900 Catull.

540 3912 716 3972 LXII.
756 3916 803 3965 7.
862 3911 984 3966 Sen.
1076 3927 1178 3966 erc.
1216 3913 1342 3968 Fur.
1385 3917 1478 3968 132
1512 3929 1593 3981 sq.
1637 3916 1694 3967 et
1735 3928 1868 3982 quos
1915 3911 2107 3966 laudat
2140 3913 2326 3968 Barth.
2364 3913 2434 3967 ad
2471 3912 2611 3968 Stat.
2645 3913 2772 3968 Silv.
2808 3913 2874 3977 V,

541 3985 589 4041 4.
627 3984 696 4035 8.)
763 3980 935 4047 Heyn,
973 3994 1035 4032 ex
1069 3979 1247 4048 aliquo
1282 3984 1441 4051 poeta
1474 3979 1677 4035 Graeco
1710 3978 1935 4034 ductum
1971 3980 2158 4050 putat,
2196 3981 2288 4060 qui
2321 3983 2420 4035 aut
2452 3982 2508 4034 in
2542 3980 2675 4035 locis
2709 3980 2875 4036 Oetae

541 4048 795 4102 subiectis
830 4047 1047 4111 vixerit,
1081 4052 1179 4101 aut
1212 4063 1321 4101 rem
1362 4049 1414 4101 in
1450 4048 1549 4102 hoc
1582 4050 1765 4102 moute
1797 4052 2038 4115 gestam,
2076 4047 2222 4102 Pelei
2264 4049 2498 4103 fortasse
2544 4050 2602 4102 et
2633 4048 2875 4103 Thetidis

541 4132 613 4170 nu
651 4116 772 4179 tiae,
811 4115 1124 4169 narraverit.
1194 4115 1272 4169 De
1309 4116 1447 4169 Oeta
1478 4116 1611 4186 ipso,
1645 4115 1927 4169 notissimo
1963 4114 2270 4170 Thessaliae
2304 4120 2502 4179 monte,
2538 4117 2594 4169 iu
2630 4116 2876 4171 meridio-

541 4199 575 4236 n
637 4184 754 4238 'bus
789 4183 904 4237 eius
939 4182 1136 4237 finibus
1169 4183 1289 4245 sito,
1328 4183 1417 4253 qui
1460 4199 1603 4237 nunc
1642 4182 1989 4237 Katavosskra
2032 4188 2089 4237 et
2123 4183 2177 4236 in
2214 4200 2425 4238 summa
2458 4189 2615 4253 parte
2651 4183 2875 4239 Patrio-

541 4253 648 4304 eico
682 4250 897 4313 dicitur,
933 4250 1001 4304 cf.
1072 4266 1173 4304 nae
1207 4251 1423 4320 exposui
1455 4251 1513 4305 in
1545 4250 1682 4304 libro
1717 4267 1835 4305 meo
1869 4251 2094 4305 Handb.
2132 4253 2187 4306 d.
2225 4251 2322 4306 ale.
2359 4250 2496 4306 Geo.
2531 4250 2633 4305 111.
2667 4268 2721 4321 p.
2756 4254 2873 4307 858.

542 4321 599 4372 et
629 4318 683 4372 in
721 4317 896 4386 Pauly
932 4317 990 4371 R
1208 4319 1273 4372 cl.
1308 4318 1374 4372 V.
1411 4335 1459 4398 p.
1501 4320 1617 4373 883.
1656 4349 1720 4358 -
1755 4315 1845 4377 32.
1883 4317 1933 4372 O
1961 4319 2160 4388 diqno
2198 4338 2243 4372 c.
2280 4337 2330 4372 v.
2387 4318 2559 4373 irrisio
2594 4334 2714 4373 cum
2751 4336 2874 4374 con-

542 4387 751 4455 temptu
799 4389 856 4439 et
905 4385 1268 4466 indignatione
1322 4388 1605 4440 coniuncta
1656 4386 1745 4443 (cf.
1794 4401 1958 4456 supra
2009 4402 2056 4439 v.
2108 4389 2230 4445 26³.
2308 4360 2444 4440 llum
2500 4385 2667 4449 enim,
2723 4387 2875 4441 cuius

543 4467 704 4506 causa
736 4452 896 4506 fidem
933 4453 1032 4507 sib1
1069 4451 1253 4508 datam
1288 4453 1512 4533 fregerit
1544 4452 1692 4517 Nisa,
1729 4468 1834 4507 non
1871 4454 2049 4507 minus
2086 4455 2342 4508 rusticum
2380 4456 2435 4507 et
2468 4453 2640 4507 multo
2690 4470 2746 4509 se
2782 4452 2873 4508 de·

541 4519 845 4573 formiorem
879 4536 994 4575 esse
1026 4520 1232 4575 Damon
1268 4520 1555 4591 sigmficat.
1622 4521 1792 4589 Heyn.
1838 4521 2068 4576 conferri
2107 4521 2259 4576 iubet
2292 4520 2509 4576 Theocr.
2548 4520 2649 4584 XI,
2687 4525 2770 4576 31.
2805 4553 2870 4563 —-

543 4583 634 4645 33.
672 4584 810 4639 Dum
853 4603 936 4641 me
970 4586 1197 4656 despicis
1236 4592 1292 4641 et
1331 4587 1548 4642 fastidis
1582 4592 1646 4642 ut
1679 4588 1997 4657 caprarium.
2065 4587 2275 4644 Peerlk.
2316 4605 2412 4659 pro
2453 4589 2703 4660 capellae
2736 4590 2872 4646 coni.
