3616 5026
1534 217 2061 288 GEORGIOON
2098 219 2265 288 LIB.
2308 219 2424 288 III.
3024 229 3145 293 433

812 378 1166 471 Primaque
1202 384 1464 451 ferratis
1505 386 1874 475 praefigunt
1915 410 2033 453 ora
2076 387 2398 476 capistris.

818 462 1010 545 Quod
1053 478 1353 553 surgente
1398 468 1504 535 die
1544 469 1822 536 mulsere
1866 470 2169 558 horisque
2212 470 2482 557 diurnis,
3040 487 3142 539 400

818 547 1024 615 Nocte
1066 562 1394 637 premunt;
1430 553 1602 642 quod
1644 557 1776 620 iam
1820 555 2105 621 tenebris
2148 563 2213 621 et
2250 554 2384 622 sole
2424 553 2715 639 cadente,

807 840 1050 953 ggmym,
1087 850 1181 888 seu
1219 841 1521 918 secernunt,
1560 842 1986 923 amovent-hinc
2005 845 2192 897 ornate
2207 841 2565 962 ῃνοὴίἒὲηι
2586 842 2939 961 οἶσνειοε.“
2960 842 3137 924 Ηοῃῃ.

807 911 1468 1047 ..mame
1505 912 1714 1031 iffi
1746 909 2455 1057 {teutsflxaetzzws
2490 924 2551 1046 ξε
2583 924 3140 1060 {secretus

805 1039 926 1088 tum
960 1054 1106 1107 zam;
1140 1040 1234 1094 sed
1269 1047 1415 1097 recte
1449 1058 1572 1098 cum
1608 1045 1775 1115 Heyn.
1818 1048 2084 1101 consentlt
2120 1045 2297 1109 Voss„
2334 1061 2439 1098 msi
2474 1043 2617 1115 quod
2650 1062 2794 1108 amn,
2830 1047 2900 1100 ab
2933 1045 3140 1116 Heymo

805 1103 983 1180 minus
1031 1110 1175 1160 recte
1217 1125 1314 1178 pro
1347 1128 1529 1180 porro
1572 1119 1876 1183 acceptum,
1926 1128 2239 1184 comparans
2283 1128 2448 1182 supra
2497 1127 2542 1168 v.
2583 1114 2698 1166 187.
2738 1113 2851 1168 iam
2880 1115 3142 1185 depulsus

805 1181 862 1223 et
895 1171 1098 1251 similes
1132 1173 1292 1239 locos,
1332 1195 1438 1232 non
1472 1180 1664 1235 melius
1700 1182 1928 1252 explicat
1959 1183 2145 1237 atatim
2178 1185 2486 1250 (postquam
2520 1180 2720 1236 excreti
2755 1185 2923 1247 sunt).
2994 1182 3139 1250 Quae

802 1253 903 1291 vox
947 1256 994 1293 si
1032 1240 1169 1296 nihil
1210 1245 1356 1300 aliud
1400 1246 1504 1300 sibi
1547 1247 1735 1313 vellet,
1798 1265 1960 1320 quam
2002 1249 2294 1304 transitum
2336 1264 2528 1318 parare
2574 1261 2593 1316 ι
2632 1263 2732 1303 uae
2766 1248 3020 1318 Wagneri
3054 1254 3139 1305 est

802 1308 1087 1373 sententia,
1123 1310 1179 1363 in
1217 1313 1347 1367 min.
1385 1316 1566 1369 tamen
1603 1317 1733 1371 edit.
1771 1318 1954 1387 paullo
1991 1320 2208 1372 mutata
2240 1316 2512 1370 sententia
2547 1331 2582 1370 a
2659 1316 2884 1372 otantis:
2932 1319 3136 1388 „signi-

802 1373 932 1428 ficat
964 1392 1161 1431 novum
1204 1379 1302 1435 hoc
1348 1398 1463 1436 esse
1510 1384 1850 1446 institutum,
1910 1391 2073 1440 antea
2129 1385 2293 1439 fuisse
2335 1383 2727 1451 incognitum“)
2741 1424 2754 1448 ‚
2822 1385 3037 1440 videtur
3080 1387 3135 1440 in

799 1443 1061 1566 &iucipifiv
1100 1449 1395 1504 sententiae
1430 1450 1739 1531 collocanda
1773 1453 1972 1533 fuisse3
2027 1468 2191 1523 quare
2224 1451 2414 1531 potius·
2439 1467 2562 1505 cum
2595 1451 2827 1571 Ameit⁸ii⁰
2861 1453 3040 1534 spicil:
3080 1472 3130 1524 p.

799 1552 898 1631 etc.
916 1527 1169 1634 effinffig
1182 1521 2038 1664 emqgaffiussfnllelfcrfftllsslsgf
2068 1522 2410 1656 gagg-gg&
2442 1535 2952 1666 verbzffiglt-aeltzpfflz,
2969 1525 3132 1670 Θζιιξοᾚ

796 1661 893 1714 pro
943 1649 1099 1702 multa
1141 1653 1282 1706 adeo
1328 1652 1534 1708 dictum
1576 1655 1665 1714 sit.
1712 1673 1745 1709 a
1783 1657 1973 1711 sentiri
2004 1672 2110 1709 non
2148 1671 2377 1725 possum.
2448 1653 2575 1709 Alia
2607 1659 2788 1709 tamen
2823 1659 2908 1709 est
2941 1655 3131 1725 Brycei

799 1715 1096 1782 sententia,
1138 1720 1228 1787 qui
1261 1729 1503 1776 excretos
1537 1723 1766 1792 explicat
1799 1740 1894 1793 per
1978 1724 2142 1778 ositos
2157 1763 2170 1786 ,
2214 1727 2396 1792 partos
2410 1763 2423 1787 ,
2481 1725 2531 1789 (e
2565 1721 2756 1776 matris
2789 1737 3004 1792 corpore
3041 1741 3129 1779 ex-

798 1785 999 1860 cretos,
1037 1789 1099 1837 ut
1136 1801 1235 1840 vox
1274 1789 1596 1858 respondeat
1628 1792 1789 1860 Angl.
1828 1741 2134 1859 ‚,fa½en“)‚
2198 1807 2333 1861 quae
2375 1790 2759 1868 interpretatio
2798 1806 2891 1859 per
2937 1808 2994 1847 se
3030 1793 3129 1846 mi-

795 1864 939 1929 nime
981 1869 1008 1904 s
1048 1853 1304 1920 emenda,
1366 1856 1461 1911 sed
1511 1861 1638 1912 ante
1683 1859 1862 1913 omnia
1908 1859 2031 1913 aliis
2064 1858 2194 1913 locis
2227 1859 2594 1936 probantibus·
2633 1857 2926 1937 fulcienda,
2948 1927 2959 1937 ο
2981 1871 3128 1924 (nam

795 1916 938 1971 (32181
1033 1958 1045 1982 2
1087 1924 1137 1974 8-
1175 1931 1355 1976 venter
1393 1928 1633 1980 excernit
1678 1927 1875 1981 mollia
1916 1930 1973 1981 et
2021 1926 2225 1980 similes
2266 1942 2372 1998 non
2421 1925 2719 1982 sufficiunt)
2764 1941 2821 1978 re
2858 1930 3013 1992 uint,
3064 1933 3129 1982 ut

793 1985 907 2038 iam
983 2003 1041 2067 ro
1076 1991 1260 2044 statim
1292 1993 1528 2061 positum
1564 1993 1873 2059 habeamus,
1909 1995 1975 2049 de
2010 2011 2173 2064 quare
2209 1994 2489 2072 cf.Wagn.
2516 1992 2613 2058 Qu.
2651 1992 2746 2046 Vir
2787 2033 2800 2047 .
2823 1942 3033 2072 ‘kx-IV.
3072 2013 3124 2075 P:

794 2056 911 2107 614.
1016 2055 1206 2111 bbeck.
1243 2075 1305 2113 ex
1337 2059 1516 2116 Palat.
1553 2064 1610 2117 et
1642 2062 1802 2117 Bern.
1840 2063 1896 2115 b.
1942 2063 2142 2131 recepit
2174 2060 2351 2114 Multa
2392 2069 2580 2127 ettam,
2629 2077 2732 2130 quo
2805 2061 3127 2132 Oomngtom

795 2122 1070 2189 probabile
1109 2124 1335 2182 videtur.
1376 2158 1438 2168 -
1467 2130 1857 2200 prohibent,
1906 2129 2229 2200 impediunt,
2271 2129 2554 2197 quominus
2588 2132 2790 2182 matres
2822 2128 3022 2185 haedos
3056 2131 3124 2185 ad

790 2205 849 2243 se
883 2189 1224 2247 admittant·
1265 2195 1515 2251 Ceterum
1536 2197 1728 2266 Wagn.
1766 2199 1823 2252 in
1858 2198 1987 2253 edit.
2014 2198 2144 2252 min.
2166 2196 2345 2251 locum
2371 2197 2448 2250 sic
2470 2197 2886 2266 interpretatur:
2926 2197 3124 2263 „Multi

791 2257 1081 2324 prohibent
1130 2259 1326 2316 hoedos
1385 2280 1566 2319 recens
1611 2271 1767 2319 natos
1814 2282 1848 2319 a
1898 2265 2040 2320 lacte
2082 2268 2319 2320 matrum
2356 2264 2459 2326 ita,
2518 2267 2583 2317 ut
2617 2279 2705 2317 eos
2737 2266 2835 2317 aut
2875 2281 2932 2319 se
2969 2270 3124 2320 arent

791 2331 1089 2392 (excretos),
1128 2334 1226 2382 aut
1262 2331 1556 2400 capistrum
1590 2334 1668 2387 ori
1703 2334 2060 2402 praefigant,“
2100 2336 2161 2387 ut
2194 2349 2254 2388 co
2280 2331 2386 2404 ¹ula
2418 2348 2522 2400 que
2555 2331 2664 2384 vim
2699 2331 2897 2386 habeat
2963 2334 2973 2345 '
3005 2335 3122 2388 iun-

790 2393 1016 2456 ctivam,
1076 2394 1142 2450 de
1189 2412 1294 2466 qua
1333 2415 1390 2453 re
1432 2399 1662 2455 diximus
1707 2401 1776 2455 ad
1824 2403 1951 2455 Gec.
1991 2401 2036 2465 1,
2072 2404 2188 2454 442.
2338 2400 2479 2454 etius
2524 2402 2704 2453 autem
2751 2400 2947 2455 Ameis.
2988 2400 3027 2455 1.
3062 2402 3120 2457 1..

788 2476 947 2529 quem
986 2464 1231 2533 sequitur
1261 2466 1472 2523 Ladew.
1486 2507 1499 2531 ‚
1549 2485 1652 2539 que
1690 2468 2060 2539 explicativam
2106 2468 2216 2522 vim
2248 2466 2446 2522 habere
2479 2466 2772 2522 contendit.
2841 2466 2942 2522 Est
2979 2470 3117 2524 enim

787 2532 898 2583 fere
934 2530 968 2584 i.
1008 2548 1062 2600 q.
1099 2538 1155 2586 ct
1187 2540 1469 2604 propterea
1503 2540 1558 2591 et
1592 2536 1740 2591 locus
1779 2538 1856 2590 sic
1891 2536 2257 2606 explicandus:
2318 2536 2457 2600 Quia
2489 2535 2762 2589 interdum
2796 2536 3015 2601 accidit,
3055 2543 3119 2592 ut

787 2596 945 2651 haedi
976 2598 1087 2653 iam
1118 2616 1154 2654 a
1188 2603 1453 2657 matribus
1488 2605 1683 2659 secreti
1715 2612 1897 2659 tamen
1935 2605 2095 2658 lactis
2128 2603 2307 2673 cupidi
2328 2603 2399 2656 ad
2421 2619 2511 2657 eas
2574 2606 2902 2681 errumpant,
2932 2605 3115 2659 oribus

786 2680 969 2719 eorum
1003 2668 1374 2738 praefiguntur
1406 2673 1664 2741 capistra,
1710 2688 1776 2726 ne
1815 2676 2017 2727 matres
2051 2688 2140 2726 eos
2177 2671 2246 2726 ad
2285 2672 2454 2724 ubera
2558 2674 2801 2724 mittant.
2842 2702 2910 2711 —
2946 2712 2983 2739 „
3000 2671 3114 2725 Ca-

781 2733 1009 2803 pistra
1042 2746 1412 2809 περιστομίου
1458 2755 1628 2807 genus
1669 2739 1869 2794 aculeis
1910 2740 2153 2804 insertis,
2207 2739 2347 2808 quod
2392 2754 2498 2791 non
2535 2737 2747 2806 quidem
2785 2754 2845 2790 os
2879 2738 3111 2804 obturet,

783 2801 905 2865 sed,
954 2802 1000 2856 si
1044 2803 1298 2859 uberibus
1345 2824 1403 2861 os
1440 2807 1784 2874 admoveant,
1841 2811 2071 2862 matrem
2104 2810 2335 2876 pungat,
2398 2821 2624 2875 eamque
2658 2805 3000 2861 recalcitrare
3035 2808 3116 2861 fa·

784 2869 947 2923 ciat.⁴‘
984 2870 1161 2940 Heyn.
1229 2874 1414 2929 Simile
1448 2879 1567 2930 erat
1598 2874 1736 2930 illud
1772 2876 1965 2945 capitis
2000 2875 2298 2937 vinculum,
2363 2873 2505 2943 quod
2540 2872 2707 2927 asinis
2741 2876 2797 2927 et
2832 2889 2861 2928 e
2898 2875 2982 2929 uis
3020 2875 3116 2929 ad-

783 2935 955 2992 hiberi
997 2938 1231 3005 solebat,
1288 2942 1533 3014 quodque
1576 2943 1761 2998 eodem
1800 2943 2037 3015 capistri
2076 2943 2288 2996 nomine
2322 2943 2517 2994 vocant
2552 2941 2707 2994 Varr.
2741 2940 2804 2994 R.
2953 2941 3028 3005 11,
3066 2948 3113 3007 6,

782 3008 835 3057 4.
870 3004 1022 3059 Ovid.
1057 3006 1189 3062 Met.
1229 3009 1296 3073 X,
1337 3014 1451 3064 125.
1490 3010 1707 3080 aliique.
1774 3011 2027 3065 Ceterum
2073 3028 2194 3064 ora
2277 3009 2623 3129 raejgiqerc
2658 3008 2988 3077 capistris
3023 3026 3118 3078 per

785 3070 1110 3142 hypallagen
1151 3074 1355 3131 dictum
1397 3094 1493 3147 pro
1541 3079 1778 3147 capistra
1821 3080 2112 3147 praefigere
2154 3094 2234 3131 on
2273 3092 2351 3131 us.
2492 3116 2505 3128 .
2551 3074 2761 3129 adnott.
2800 3075 2870 3130 ad
2904 3075 3032 3155 Grec.
3067 3077 3111 3141 1,

786 3144 902 3194 43⁰.
932 3142 1162 3211 prima
1195 3150 1392 3209 autem,
1429 3145 1551 3214 loci,
1585 3162 1690 3200 uon
1726 3146 1983 3215 temporis
2019 3145 2228 3201 ratione
2251 3142 2440 3198 habita
2464 3144 2745 3199 rectiusex
2780 3143 2997 3198 licuens
3020 3160 3115 3213 per

786 3211 1038 3274 extrema,
1074 3226 1235 3279 quam
1271 3226 1387 3282 (pro
1425 3215 1509 3267 ter
1543 3213 1641 3268 illa
1673 3215 1786 3267 iam
1816 3216 2074 3279 ccccv-etos)
2111 3229 2205 3282 per
2237 3212 2488 3292 primum.
2541 3210 2720 3265 Etiam
2801 3211 2954 3265 inder
2990 3226 3112 3265 con·

784 3276 974 3330 vertit:
1035 3277 1185 3332 νοτ-ιι
1231 3298 1306 3334 an
1503 3280 1671 3336 Maza
1719 3283 2020 3353 anlecflend
2061 3284 2152 3335 eiu
2194 3279 2717 3347 mmwoeclzlayenoe
2761 3278 3011 3346 Halfler.
3048 3310 3113 3359 Ἰ

783 3342 916 3403 400.
964 3345 1255 3401 mulsere.
1331 3348 1485 3403 Hanc
1527 3348 1759 3403 Perfecti
1800 3350 2052 3411 formam,
2112 3348 2334 3402 laudato
2381 3346 2483 3400 hoc
2529 3347 2547 3399 i
2588 3363 2646 3400 so
2687 3345 2803 3400 loco
2852 3349 2908 3401 et
2955 3346 3115 3400 Eunu

785 3412 924 3465 Anu.
961 3411 1079 3467 VII.
1116 3424 1192 3484 (p.
1235 3419 1314 3470 72.
1350 3416 1599 3484 Hessel.)‚
1649 3417 1808 3471 alteri
1844 3417 2017 3472 malm·
2084 3417 2286 3470 raesert
2317 3414 2485 3469 Prisc.
2602 3454 2616 3478 ,
2654 3418 2704 3477 9,
2724 3420 2804 3467 50.
2822 3431 2896 3493 J).
2916 3417 3033 3468 87⁰.
3049 3414 3112 3468 P.

786 3479 871 3532 Cf.
907 3480 1073 3534 etiam
1103 3481 1354 3537 Ruddim.
1389 3484 1436 3539 1.
1476 3502 1527 3554 p.
1564 3488 1678 3538 221.
1716 3515 1782 3525 ——
1817 3483 1943 3544 401.
2014 3524 2030 3551 ,
2111 3492 2252 3538 octe
2279 3490 2607 3553 premunt,
2644 3481 2694 3535 h.
2734 3498 2781 3535 e.
2804 3482 2943 3561 inde
2976 3482 3114 3550 figu-

785 3550 910 3600 rant
943 3562 1158 3604 caseum
1192 3552 1280 3620 [cf.
1314 3551 1522 3607 adnott.
1558 3550 1628 3605 ad
1664 3552 1773 3606 Ecl.
1815 3554 1859 3616 Ι,
1899 3524 2030 3630 3-1.Ῑ;
2076 3550 2218 3620 quod
2260 3552 2442 3604 autem
2489 3549 2576 3604 lac
2615 3565 2705 3629 *fes
2744 3565 2819 3603 en
2862 3549 3110 3628 mulsere,

784 3613 840 3667 id
889 3618 986 3669 aut
1028 3632 1184 3672 mane
1225 3619 1281 3672 in
1325 3622 1511 3674 urbem
1556 3618 1892 3674 vendendum
1937 3621 2191 3683 mittunt,
2231 3622 2329 3672 aut
2372 3633 2587 3672 caseum
2623 3634 2678 3670 m
2719 3633 2747 3671 e
2785 3617 3017 3681 faciunt,
3056 3622 3114 3671 et

786 3681 1000 3752 quidem
1048 3690 1381 3755 compactum
1426 3690 1483 3741 et
1523 3687 1849 3750 durabilem,
1898 3691 1963 3741 ut
2003 3692 2190 3740 contra
2228 3686 2405 3755 priore
2423 3753 2433 3764 ·
2449 3685 2565 3739 locu
2602 3689 2804 3765 v.·4u1.
2840 3684 2907 3740 de
2940 3701 3109 3749 caseo,

822 3750 878 3804 ui
913 3767 1096 3807 recens
1129 3756 1476 3817 consumitur,
1511 3754 1660 3825 loqui
1695 3755 1926 3809 videtur.
1970 3754 2056 3808 Sic
2090 3754 2224 3808 satis
2249 3752 2500 3821 expedita
2518 3768 2602 3807 res
2626 3752 2895 3807 wdetur.“
2931 3753 3111 3821 Heyn.

785 3767 989 3872 {adem
1030 3824 1115 3874 est
1148 3821 1400 3891 Wagneri
1440 3823 1722 3878 sententia.
1792 3822 1967 3877 Aliter
2006 3825 2191 3876 tamen
2224 3820 2493 3876 Schirach.
2527 3838 2580 3900 p.
2618 3825 2760 3875 542.:
2817 3820 2963 3883 „Lac
2999 3837 3112 3874 ma-

785 3887 1025 3941 tutinum
1059 3905 1167 3943 non
1198 3890 1472 3955 venditur,
1514 3890 1608 3945 sed
1642 3893 1853 3960 praeter
1889 3891 1963 3952 id,
2038 3889 2143 3944 uod
2182 3889 2267 3943 die
2297 3892 2651 3969 consumitur,
2688 3888 2894 3967 vesperi
2930 3889 3001 3967 in·
3024 3904 3111 3967 ca-

786 3970 937 4009 scum
971 3957 1259 4024 premitur:
1295 3958 1379 4038 1⁸1⁰
1414 3959 1797 4039 vespertinum,
1835 3957 1972 4013 illud
2044 3973 2223 4012 emum
2248 3956 2567 4043 ⁸divendant
2602 3972 2777 4034 mane·
2790 3972 2846 4009 m
2881 3955 3108 4025 oppidu,

786 4027 883 4076 ‘¹¹‘
917 4025 2592 4162 ΡᾙΞᾚἝωῗέἒῖηῗωῗάᾚἜῑιοὲἓεὲἓὲῃῗᾟῗὲζηέἳξο
2605 4027 2818 4170 ἰιιὲξῃὲῗ
2853 4023 3111 4146 {m

787 4157 985 4223 deficit,
1122 4177 1190 4215 ue
1221 4161 1625 4227 delectentur;“
1662 4161 1756 4217 sed
1791 4162 1867 4215 bu
1958 4177 1987 4216 o
2010 4160 2236 4215 Romani
2271 4177 2377 4213 non
2401 4160 2506 4213 nisi
2531 4158 2794 4213 methema
2817 4159 3114 4213 utebantur

788 4225 948 4294 (Plin.
984 4228 1056 4282 Η.
1148 4268 1162 4282 .
1201 4229 1450 4295 XXVIII,
1487 4234 1568 4284 11.
1608 4233 1687 4284 12.
1726 4228 1867 4284 Cels.
1983 4268 1996 4292 ,
2036 4234 2084 4292 5,
2129 4231 2202 4283 18.
2238 4227 2449 4282 Colum.
2481 4227 2574 4291 VI,
2609 4230 2689 4281 12.
2714 4231 2886 4291 extu),
2922 4243 3112 4296 quam-

788 4310 950 4363 quam
985 4312 1076 4351 eos
1108 4314 1214 4351 non
1247 4298 1508 4376 fugiebat,
1546 4298 1800 4353 barbaros
1838 4313 1897 4351 eo
1969 4313 2027 4350 ro
2063 4296 2180 4350 cibo
2213 4296 2299 4349 uti
2332 4295 2492 4362 (Plin.
2528 4294 2778 4356 XXVIII,
2820 4299 2868 4359 9,
2905 4297 2989 4349 35.
3012 4293 3109 4359 XI,

785 4367 869 4426 41,
915 4366 1024 4431 96.)
1092 4365 1173 4421 Cf.
1222 4370 1400 4436 potius
1456 4382 1577 4421 cum
1629 4366 1727 4420 hoc
1774 4364 1890 4418 loco
1977 4363 2187 4433 alpurn.
2232 4362 2305 4427 V,
2355 4367 2437 4417 34.
2492 4378 2788 4441 wrmqtfe
2829 4369 3112 4433 prenwmr

790 4430 982 4502 Mane,
1018 4436 1174 4502 quod
1205 4436 1468 4489 occiduae
1499 4434 1746 4488 muletam
1775 4432 2045 4511 rede-«perit
2079 4434 2273 4498 horae,
2314 4432 2455 4486 unde
2490 4433 2644 4501 patet
2676 4434 2837 4484 etiam
2873 4446 2933 4510 ex
2967 4428 3109 4483 lacte

787 4502 1090 4568 vespertino
1124 4517 1304 4557 caseos
1337 4519 1454 4558 esse
1489 4502 1689 4565 factem
1747 4516 2029 4570 quominus
2072 4499 2213 4554 enim
2257 4498 2324 4553 de
2366 4501 2578 4554 recente
2619 4497 2762 4577 lacte
2795 4500 3109 4567 cogitemus,

787 4566 1115 4694 ¹²¹me
1070 4569 1592 4709 ''iffi“”ptsse‘tssmffl’
1617 4584 1948 4695 ..mqmqmff
1970 4567 2276 4692 sm&
2304 4567 2422 4692 ⁰322,
2446 4565 3110 4706 ἲῧῗοῖἒῗηωωωωέηῗέἓ

895 4733 1126 4777 mflssa.
1187 4734 1331 4776 uns
1371 4734 1413 4776 1.
1471 4735 1566 4775 m).
1603 4734 1687 4776 IV.
2625 4732 2693 4782 25
