3616 5026
1435 206 1963 278 GEORGIOON
2004 209 2167 277 LIB.
2210 209 2292 275 11.
2904 213 3025 273 297

692 376 1043 443 Infecunda
1083 375 1362 465 quidem,
1410 376 1527 444 sed
1566 376 1741 443 laeta
1781 386 1848 441 et
1888 376 2086 442 fortia
2126 386 2431 464 surgunt3

690 460 952 548 Quippe
1000 460 1137 525 solo
1179 471 1416 526 natura
1459 459 1696 529 subest.
1784 459 2035 525 Tamen
2076 460 2237 527 haec
2280 482 2555 550 quoque,
2598 459 2654 524 si
2698 458 2845 545 quis

687 542 943 611 Inserat
984 553 1099 609 aut
1139 543 1479 611 scrobibus
1526 543 1789 609 mandet
1827 552 2074 610 mutata
2109 544 2412 626 subactis,
2962 555 3026 600 5⁰

688 626 1010 693 Exuerint
1059 626 1415 694 silvestrem
1461 629 1746 693 animum
1790 627 2091 714 cultuque
2127 628 2444 714 frequenti

688 709 763 774 In
808 732 1244 799 quascumque
1285 734 1481 777 voces
1532 711 1691 776 artis
1731 709 1909 776 haud
1947 709 2140 777 tarda
2182 723 2547 799 sequentur.

691 794 826 860 Nec
867 816 994 860 non
1037 804 1102 860 et
1145 794 1403 878 sterilis,
1449 817 1617 885 quae
1661 793 1976 881 stirpibus
2016 796 2154 861 exit
2193 793 2278 860 ab
2319 795 2489 876 imis,

690 1011 782 1074 48.
820 1013 1210 1080 Infecunda
1243 1015 1532 1085 quidem,
1578 1015 1706 1085 quia
1741 1031 1937 1080 semen,
1976 1013 2116 1084 quod
2153 1015 2207 1069 in
2241 1015 2420 1069 oculos
2466 1014 2724 1070 incurrat.
2764 1030 2868 1067 non
2906 1031 3026 1083 pro-

693 1082 889 1135 ferunt.
959 1082 1040 1137 Cf.
1078 1100 1130 1136 v.
1171 1086 1232 1136 10
1270 1101 1387 1155 sqq.
1428 1114 1495 1123 —-
1534 1083 1718 1137 laeta
1752 1091 1811 1136 et
1836 1084 2070 1152 fortia
2104 1085 2309 1146 tamen,
2358 1083 2508 1152 quia,
2554 1081 2708 1134 nulla
2744 1081 3027 1136 accedente

692 1148 967 1204 hominum
1004 1167 1155 1214 cura,
1201 1167 1298 1206 sua
1333 1154 1546 1204 tantum
1584 1151 1637 1204 vi
1673 1153 1728 1205 et
1762 1156 1960 1205 natura
1998 1153 2111 1205 tam
2156 1150 2486 1205 luxuriantia
2531 1150 2871 1219 proveniunt.
2944 1149 3028 1204 Cf.

694 1233 811 1270 cum
850 1216 903 1272 h.
948 1218 984 1271 l.
1021 1219 1164 1272 infra
1198 1235 1248 1272 v,
1288 1222 1367 1272 58.
1404 1250 1471 1259 -
1506 1218 1598 1278 49.
1661 1218 1806 1273 solo
1854 1226 2096 1272 natura
2138 1220 2395 1286 sube⁸t;
2454 1219 2597 1271 inest
2633 1217 2868 1271 lat-enter
2905 1218 3025 1280 (hor

694 1285 834 1339 enlm
869 1286 973 1339 sibi
1008 1286 1130 1340 vult
1148 1285 1482 1357 Praepositio
1514 1287 1649 1348 sub)
1688 1287 1956 1340 naturalis
1994 1287 2075 1340 vis
2111 1302 2169 1339 ac
2209 1286 2380 1339 virtus
2420 1285 2489 1340 ad
2525 1284 2881 1354 procreandas
2904 1285 3029 1339 illas

694 1352 908 1407 arbores
945 1355 1271 1412 necessaria:
1334 1353 1469 1408 nihil
1515 1355 1657 1408 enim
1698 1354 1896 1409 laetius
1986 1356 2128 1408 otest
2166 1369 2424 1416 crescere,
2488 1368 2648 1433 quam
2689 1351 2832 1421 quod
2866 1351 3032 1407 habet

693 1419 866 1473 solum
901 1423 1098 1476 natura
1132 1422 1234 1475 sibi
1271 1425 1477 1490 aptum.
1537 1421 1661 1475 Vid.
1700 1421 1855 1475 Lucr.
1897 1372 1997 1482 III,
2036 1425 2151 1474 274.
2191 1421 2342 1474 Nam
2366 1429 2590 1500 pennus
2615 1438 2877 1499 prorsum
2900 1421 3030 1474 latet

692 1488 826 1542 haec
857 1497 1063 1543 natura
1094 1490 1373 1558 subestque
1414 1493 1469 1543 et
1503 1489 1715 1555 Quinct.
1752 1489 1889 1543 Inst.
1929 1489 2021 1544 Or.
2057 1489 2125 1549 X,
2163 1491 2212 1546 2.
2255 1493 2332 1543 11.
2379 1490 2635 1557 Namque
2673 1507 2757 1554 ηε,
2797 1506 2938 1568 quae
2970 1490 3030 1541 in

693 1555 990 1626 aoenplum
1026 1558 1386 1618 adsumimus,
1431 1557 1610 1611 mbost
1649 1564 1854 1610 natura
1904 1564 1955 1610 et
1996 1573 2129 1610 vera
2169 1557 2282 1609 vas:
2346 1565 2540 1610 contra
2577 1557 2753 1610 omme
2794 1556 3028 1609 amit-atio

683 1623 823 1690 ficta
861 1632 955 1677 est.
1003 1625 1084 1678 Cf.
1122 1625 1287 1679 etiam
1321 1625 1464 1678 infra
1501 1641 1549 1678 v.
1594 1627 1704 1680 178.
1733 1624 1939 1679 Wakef.
1978 1623 2047 1678 ad
2083 1623 2237 1679 Lucr.
2277 1623 2314 1677 l.
2350 1624 2388 1678 l.
2428 1627 2485 1679 et
2507 1623 2778 1678 Schirach.
2858 1664 2870 1676 .
2910 1627 3024 1677 503.

694 1689 919 1754 Ροοι11ι.,
957 1708 1079 1746 cum
1114 1692 1199 1747 hic
1234 1709 1337 1746 non
1376 1695 1682 1761 quaeratur,
1720 1709 1854 1762 quae
1889 1693 1963 1746 sit
1998 1696 2194 1746 natura
2228 1691 2344 1755 soli,
2384 1690 2514 1746 sedi
2556 1708 2738 1746 sarum
2758 1707 2819 1745 ar
2859 1708 3026 1752 orum,

696 1760 753 1811 et
787 1757 842 1812 in
878 1759 1086 1815 duobus
1123 1759 1286 1815 Codd.
1323 1761 1542 1828 legatur
1575 1761 1709 1822 soli,
1758 1778 1808 1830 p.
1861 1764 1970 1814 139.
2019 1777 2114 1829 pro
2156 1762 2277 1814 solo
2316 1760 2448 1813 coni.
2490 1778 2522 1811 ο
2573 1760 2608 1813 ί.
2671 1792 2736 1799 -
2793 1759 3029 1813 Tamen

695 1827 856 1881 Ilaec
929 1846 1165 1898 noque,
1202 1830 1266 1882 si
1295 1830 1442 1898 quin
1476 1832 1579 1881 etc.
1634 1827 1814 1881 Etiam
1853 1827 2127 1882 silvestres
2161 1829 2378 1882 arbores
2401 1826 2755 1882 fecundarum
2779 1837 3029 1881 naturam

697 1894 900 1949 induun
932 1937 945 1958 ,
986 1897 1032 1949 si
1066 1897 1133 1948 iis
1170 1896 1307 1950 aliae
1344 1896 1564 1949 arbores
1600 1895 1756 1949 mites
1791 1895 2127 1958 inseruntur,
2171 1898 2269 1949 aut
2300 1896 2348 1949 si
2383 1895 2801 1949 transferuntur.
2840 1927 2905 1935 —
2939 1892 3031 1954 50.

697 1961 979 2016 Inserat.
1016 1962 1137 2018 vid.
1173 1964 1315 2018 infra
1342 1980 1391 2017 v.
1432 1966 1513 2018 69.
1554 1994 1620 2003 —
1653 1970 1929 2026 mutata,
1970 1962 2084 2016 loco
2123 1965 2347 2017 mutato,
2418 1963 2537 2016 Non
2577 1963 2796 2016 credens
2822 1967 3029 2017 veteres

698 2031 932 2098 putasse,
971 2031 1089 2086 sola
1121 2032 1474 2086 translatione
1513 2030 1789 2086 silvestres
1828 2031 2044 2086 arbores
2080 2031 2133 2084 in
2169 2030 2426 2085 fecundas
2454 2032 2672 2088 mutari,
2704 2030 2856 2086 Voss,
2879 2047 3031 2100 prae-

698 2097 830 2151 tulit
867 2098 1094 2153 duorum
1132 2097 1288 2152 modo
1324 2098 1489 2153 Codd.
1542 2098 1823 2153 lectionem
1859 2108 1943 2164 at,
2016 2115 2117 2153 uae
2154 2097 2431 2153 Particula
2464 2115 2622 2168 saepe
2659 2115 2754 2168 pro
2794 2108 2846 2151 et
2875 2115 3032 2153 usur-

765 2170 859 2220 tur
893 2171 913 2232 (
951 2164 1058 2221 uod
1094 2182 1255 2235 quam
1331 2182 1604 2221 erversum
1644 2167 1740 2229 sit,
1802 2166 1957 2222 docet
2047 2166 2173 2221 and.
2219 2168 2275 2220 in
2310 2165 2536 2221 Tursell.
2584 2166 2626 2221 1.
2667 2184 2719 2236 p.
2757 2170 2856 2221 418
2891 2169 3030 2237 eqd:

767 2232 937 2287 under
962 2278 972 2288 .
1010 2236 1191 2287 autem
1327 2250 1411 2288 em
1448 2233 1514 2287 de
1550 2249 1713 2288 causa
1735 2243 1946 2288 mutata
1970 2235 2167 2303 accipit
2192 2250 2310 2303 pro:
2352 2237 2566 2289 mutata
2590 2251 2685 2304 per
2708 2235 3030 2295 insitionem,

700 2301 882 2362 insita.
955 2317 1027 2355 ua
1060 2302 1106 2354 si
1187 2302 1198 2314 '
1242 2301 1449 2355 catione
1485 2316 1583 2355 vox
1618 2318 1669 2353 v.
1709 2306 1789 2356 33.
1827 2302 2054 2370 legitur;
2098 2318 2267 2370 neque
2304 2301 2461 2356 aliter
2495 2301 2675 2364 Jahn..
2713 2302 2845 2358 haec
2869 2303 3034 2358 adno-

700 2373 849 2423 tans:
890 2319 1039 2449 :bur
1104 2387 1225 2448 vose.
1264 2398 1287 2410 —
1320 2397 1347 2449 ,²
1383 2386 1462 2449 ³3.
1481 2369 1686 2423 duobus
1721 2369 1878 2423 libris
1914 2377 1975 2423 nt
2000 2370 2272 2448 receperit,
2311 2385 2528 2424 causam
2563 2387 2665 2424 non
2703 2371 2872 2451 video,
2925 2372 3032 2451 ‘Ar-

700 2437 854 2490 bores
895 2453 1037 2491 emm
1072 2454 1119 2490 si
1156 2441 1279 2506 post
1317 2440 1618 2491 insitionem
1658 2443 1935 2492 (mutatae)
1972 2441 2134 2491 etiam
2154 2436 2269 2490 loco
2294 2441 2575 2491 moventur
2602 2442 2764 2507 atque
2787 2455 2843 2492 ιιι
2867 2439 3032 2494 ahum

700 2506 1131 2569 transferuntur,
1179 2523 1230 2559 m
1286 2506 1350 2573 fs
1387 2504 1759 2583 emendantur.
1830 2505 1951 2559 vid.
1987 2504 2128 2559 Plin.
2167 2504 2346 2565 XVII,
2398 2509 2474 2560 12.
2513 2508 2570 2560 ct
2609 2507 2718 2561 Geo
2759 2524 2841 2561 on.
2878 2506 2943 2563 X.
2985 2511 3032 2563 3.

700 2573 815 2626 Aut
845 2575 901 2627 in
938 2573 1023 2628 his
1060 2522 1356 2653 responffit·
1378 2577 1560 2626 nostro
1593 2575 1727 2626 oder
1762 2573 1906 2627 wohl
1929 2592 2053 2642 yar,
2092 2577 2229 2627 oder
2244 2575 2440 2628 noch.u
2478 2573 2580 2628 Sed
2604 2590 2722 2629 erra
2769 2576 2866 2629 Vir
2889 2575 3029 2630 doct.

700 2640 935 2721 Simplex
969 2648 1068 2694 aut
1098 2639 1186 2694 luc
1220 2645 1305 2694 est
1341 2658 1378 2695 1.
1413 2658 1465 2709 q.
1505 2644 1602 2694 aut
1636 2645 1878 2703 tantum,
1936 2644 2073 2695 oder
2115 2641 2253 2695 auch
2294 2660 2426 2709 nur,
2473 2640 2539 2695 (10
2584 2658 2692 2712 qua
2726 2641 3033 2697 Particulae

703 2709 1090 2787 significatione
1126 2708 1195 2762 cf.
1235 2724 1370 2787 quae
1405 2707 1476 2787 ad
1504 2707 1622 2789 Ecl.
1660 2708 1761 2786 III,
1794 2713 1906 2762 110.
1936 2727 1995 2829 p.
2034 2713 2116 2763 61.
2159 2714 2290 2763 extr.
2329 2710 2589 2788 adnotata
2625 2710 2807 2789 vides..
2838 2711 3035 2789 ‘Insitio

702 2773 2646 2913 {ffbfffiffiffi3¹15*m¹¹1²2t3ffi¹¹122¹1¹2¹¹¹3ffli⁰},z132r3ffindffffimfflssvffiffi’
2678 2778 3034 2900 38¹3&ssss

701 2911 767 2965 de
810 2917 1052 2966 veterum
1095 2911 1365 2981 opinione,
1430 2911 1594 2965 etiam
1637 2911 1806 2965 solam
1843 2911 2253 2965 translationem
2300 2929 2358 2965 οο
2391 2914 2655 2973 conferre,
2713 2917 2776 2966 ut
2817 2913 3032 2967 arbores

701 2978 974 3033 silvestres
1009 2980 1312 3042 mitescant,
1352 2978 1546 3032 docent
1569 2977 1834 3047 Theophr.
1877 2978 1941 3033 de
1980 2995 2124 3033 caus.
2195 2979 2230 3033 l.
2254 2978 2355 3043 111,
2393 2983 2478 3033 23.
2519 2982 2576 3033 et
2610 2979 2890 3043 Palladius
2907 2980 3028 3043 XII,

701 3050 729 3097 ’ἲ
743 3088 755 3105 ,
811 3051 888 3100 11.
958 3046 1157 3116 Aliqui
1195 3047 1410 3112 dieunt,
1448 3048 1703 3114 fructum
1740 3048 1965 3118 pineum
2015 3054 2166 3101 trans
2261 3047 2371 3101 ‘one
2421 3047 2712 3101 nzimcerc.
2784 3048 3034 3103 Ceterum

700 3113 804 3167 vid.
846 3114 989 3168 infra
1022 3131 1072 3169 v.
1112 3117 1227 3168 268.
1258 3145 1325 3154 -
1364 3115 1709 3167 scrobibus
1751 3116 2074 3180 subactis,
2123 3113 2397 3178 fodiend0,
2437 3115 2756 3183 pastinando
2790 3115 3031 3169 mollitis.

700 3182 782 3235 Cf.
823 3183 932 3235 Cic.
972 3181 1039 3236 de
1074 3182 1195 3236 Seu.
1237 3185 1315 3241 15,
1357 3185 1439 3235 51.
1474 3189 1625 3234 terra
1657 3183 1864 3249 qremio
1896 3183 2109 3237 mollito
2143 3200 2213 3236 ac
2243 3184 2467 3237 macto
2501 3200 2677 3236 semen
2709 3184 2930 3253 excepit.
2969 3216 3031 3225 —

699 3248 793 3308 51.
839 3249 1191 3316 Erum-int,
1233 3248 1298 3303 (10
1337 3254 1517 3303 onent.
1589 3248 1670 3303 cf.
1708 3250 1842 3304 Aen.
1882 3250 1983 3313 IV,
2035 3254 2149 3304 319.
2188 3267 2318 3303 &mae
2347 3258 2575 3304 mentem
2607 3251 2785 3320 ibique
2822 3250 3029 3305 adnott.

701 3317 901 3370 Contra
933 3333 980 3371 v.
1009 3334 1052 3371 c.
1093 3318 1222 3371 Aen.
1330 3358 1342 3381 ,
1383 3321 1465 3369 77.
1502 3318 1760 3370 honorem
1792 3318 2034 3371 induere.
2078 3316 2156 3371 De
2191 3317 2394 3372 Futuro
2431 3321 2615 3372 exacto
2652 3324 2850 3381 autem,
2889 3319 3029 3389 quod

700 3384 913 3448 dicitnr,
948 3401 1046 3453 pro
1080 3384 1310 3454 simplici
1336 3385 1543 3438 Futuro
1575 3387 1835 3453 usurpato
1870 3385 1939 3438 cf.
1977 3401 2112 3454 quae
2147 3384 2215 3439 ad
2251 3388 2383 3439 Aen.
2405 3385 2480 3448 Π,
2520 3389 2599 3440 77.
2638 3386 3028 3440 adnotavimus,

716 3483 766 3491 —-
802 3453 1169 3505 silvestrem
1202 3452 1514 3515 animum,
1552 3453 1586 3505 i.
1625 3469 1670 3505 e.
1706 3458 1974 3515 naturam,
2012 3452 2286 3520 ingenium
2321 3454 2572 3507 arborum
2597 3453 2945 3509 silvestrium.
2969 3486 3032 3495 -

701 3518 1006 3589 cultaque
1039 3520 1384 3589 frequenti
1398 3541 1417 3583 ,-
1461 3520 1507 3573 si
1530 3518 1739 3599 ‘deinde
1783 3520 1990 3574 cultum
2023 3520 2361 3600 frequentem
2395 3521 2462 3573 iis
2497 3520 2822 3602 adhibueris:
2849 3554 2916 3602 —·-
2938 3519 3030 3583 52.

700 3588 1201 3710 ἂῖἓῗέᾟὲἓῗέι
1216 3586 2878 3724 “1233m2¹⁰zzt.2†‘ffidf²f²¹t“.¹?affflzzt⁸’csstsftztafflf‘
2915 3607 3034 3712 {¹55

698 3721 2313 3858 ...mmmmm-...a
2328 3725 3031 3792 ...m

700 3860 787 3936 est
821 3832 950 3912 (viii.
986 3831 1169 3912 H'eins.
1206 3859 1276 3912 ad
1310 3856 1463 3913 cvm.
1504 3858 1598 3927 Ep.
1635 3856 1745 3919 111,
1799 3861 1956 3920 1003,
2007 3857 2113 3935 ,qui
2155 3858 2389 3928 imperat
2436 3860 2588 3912 arva
2641 3862 2697 3913 et
2732 3861 3029 3917 arboribus.

701 3941 792 3992 qui
826 3925 988 3993 coqit.
1028 3928 1091 3979 ut
1122 3943 1286 3994 supra
1320 3942 1368 3980 v.
1412 3929 1509 3982 10..
1548 3928 1736 3978 domat
1770 3941 1820 3979 v.
1857 3928 1959 3986 62„
2004 3941 2056 3977 m
2101 3925 2295 3993 quibus
2329 3925 2693 3981 locutionibus
2725 3928 2910 3982 creber
2945 3932 3028 3981 est

701 3993 865 4046 Maro.
935 3993 1107 4047 Simili
1153 3993 1467 4063 metaphora
1508 3992 1659 4047 Ovid.
1710 3992 1838 4046 Met.
1885 3992 1955 4052 V.
2016 3995 2131 4046 668.
2177 4011 2290 4061 qua
2326 4001 2488 4046 vocat
2530 3995 2645 4061 ira,
2693 4000 3032 4063 sequenmr.“

701 4059 821 4114 Vid.
857 4061 1021 4114 etiam
1054 4060 1262 4115 adnott.
1301 4061 1370 4115 ad
1405 4061 1537 4114 Aen.
1572 4059 1673 4123 111,
1717 4065 1796 4114 70.
1843 4060 2032 4125 Quare,
2071 4060 2313 4130 quamvis
2341 4060 2617 4124 Ribbeck„
2648 4079 2806 4132 quem
2821 4062 3029 4119 Ladew.

700 4129 757 4180 et
789 4127 978 4195 Wagn.
1017 4129 1074 4182 in
1107 4129 1235 4182 min.
1280 4129 1410 4183 edit.
1465 4130 1787 4197 sequuntur,
1833 4131 2048 4197 propter
2096 4126 2225 4181 eod.
2269 4127 2411 4183 Med.
2459 4131 2838 4184 auctoritatem
2881 4132 3031 4186 voles

700 4195 1017 4257 restituerit,
1054 4212 1088 4251 a
1121 4195 1316 4265 Sfipflio
1350 4200 1552 4255 tamen,
1591 4195 1846 4264 Hauptio,
1881 4194 2082 4264 Bryceo
2119 4197 2176 4249 et
2208 4195 2540 4276 Coningtone
2575 4196 2806 4253 alteram
2844 4198 3026 4254 lectio-

700 4278 821 4316 nem
856 4265 1123 4318 servatam
1165 4279 1281 4317 esse
1315 4265 1498 4334 probo.
1538 4295 1602 4303 —
1662 4264 1859 4326 artis,
1915 4263 2093 4317 cultus
2135 4264 2447 4318 artificialis
2528 4265 2761 4320 Arbores
2807 4266 3032 4321 induent

699 4346 881 4384 omnes
915 4330 1140 4394 formaS,
1185 4347 1317 4401 quas
1352 4332 1457 4385 arti
1497 4331 1678 4401 placet
1710 4333 1774 4384 ut
1806 4329 2050 4385 induant.
2089 4361 2156 4370 —
2198 4329 2274 4391 53
2313 4349 2432 4403 sqq.
2508 4330 2629 4394 ..Ad
2676 4333 2913 4389 stolones
2961 4337 3029 4389 ab

700 4397 875 4453 radice
899 4398 1232 4468 pullulantes
1268 4405 1335 4463 (v,
1378 4403 1613 4454 17-19.)
1651 4398 1909 4468 procedit,
1948 4399 2036 4469 qui
2071 4398 2126 4451 in
2162 4414 2408 4470 campum
2447 4415 2675 4454 vacuum
2703 4403 2758 4455 et
2784 4401 2838 4455 in
2859 4403 3024 4456 solem

700 4466 1053 4520 transferendi
1090 4471 1236 4527 sunt,
1275 4484 1395 4521 cum
1430 4468 1561 4537 ipsis
1598 4483 1737 4520 nunc
1767 4468 1960 4522 umbra
1991 4466 2183 4520 matris
2224 4471 2415 4521 noceat
2448 4469 2524 4536 [et
2559 4472 2736 4523 mater
2761 4469 2882 4539 ipsa
2907 4488 3025 4524 suc·

701 4549 818 4587 cum
855 4533 1141 4603 detrahatl,
1177 4542 1242 4589 ut
1274 4534 1449 4590 adulti
1475 4537 1574 4588 aut
1598 4534 1776 4589 nullos
1798 4535 2009 4590 fructus
2034 4533 2229 4597 ferant,
2258 4537 2356 4589 aut
2377 4534 2640 4605 malignc3
2679 4553 2816 4608 quae
2838 4538 3024 4594 eadem

699 4616 783 4654 res
821 4602 1005 4658 docuit
1036 4603 1303 4672 plantaria
1338 4606 1394 4659 et
1422 4603 1708 4657 seminaria
1739 4602 2038 4659 instituere.
2090 4600 2231 4656 Plin.
2257 4602 2427 4663 xvn,
2470 4608 2546 4665 10,
2590 4608 2669 4658 12.
2708 4607 2765 4661 et
2790 4608 2869 4669 13,
2902 4608 3028 4663 21.“
