3616 5026
531 188 650 250 324
1229 185 1301 251 Ρ.
1346 181 1718 250 VERGILI
1757 129 2170 253 MARONIS‘

533 348 669 412 Nec
711 349 933 414 scabie
975 360 1037 414 et
1083 349 1256 414 salsa
1297 349 1499 415 laedit
1539 350 1680 417 robi
1732 353 1833 414 'ne
1869 352 2141 417 ferrum:
2755 366 2855 417 220

532 430 654 496 Illa
693 431 813 496 tibi
857 431 1044 497 laetis
1088 435 1338 498 intexet
1378 433 1616 499 vitibus
1795 456 1888 516 OS,

530 512 651 579 Illa
690 515 877 580 ferax
923 516 1061 581 oleo
1104 529 1220 599 est,
1264 515 1441 581 illam
1485 520 1824 605 experiere
1867 516 2137 583 colendo

528 596 615 661 Et
655 598 914 663 facilem
956 601 1178 686 pecori
1223 609 1287 663 et
1326 603 1680 687 patientem
1718 603 2001 666 vomeris
2045 603 2211 666 unci.

529 680 753 745 Talem
800 681 981 747 dives
1027 694 1170 747 arat
1214 683 1310 750 Ca
1362 707 1444 750 ua
1489 695 1551 749 et
1593 686 1812 749 vicina
1855 685 2108 750 Vesevo

529 762 665 828 Ora
701 766 851 851 iugo
898 776 961 829 et
1000 768 1222 830 vacuis
1348 770 1534 833 anius
1577 791 1706 834 non
1748 789 1994 854 aequus
2037 769 2319 833 Acerris.
2752 781 2849 830 225

522 1028 714 1083 Annal.
753 1028 923 1083 LXII.
962 1047 1014 1098 p.
1044 1033 1169 1094 41.),
1206 1030 1403 1099 Suepfi.
1440 1046 1564 1084 vero
1603 1036 1659 1084 et
1693 1031 1997 1095 Conington
2034 1033 2251 1086 viridas.
2281 1065 2342 1071 -—
2377 1028 2512 1091 220.
2549 1030 2687 1084 Nec
2719 1049 2852 1084 sea-

526 1098 651 1164 bie,
696 1113 831 1177 quae
865 1098 1096 1152 efficitur
1128 1099 1390 1165 robv'qine.
1451 1126 1519 1136 —
1577 1100 1787 1165 salsa,
1839 1115 1974 1167 quae
2021 1101 2220 1154 ferrum
2264 1115 2431 1169 aquae
2482 1098 2655 1151 salsae
2698 1099 2851 1151 modo

529 1165 777 1218 corrodit.
824 1165 1000 1234 Supra
1034 1166 1078 1223 1.
1116 1170 1233 1219 495.
1272 1168 1471 1219 scabra
1506 1167 1814 1220 vocabatur.
1855 1167 2154 1234 Conington
2191 1169 2466 1236 comparat
2501 1165 2642 1219 Plin.
2678 1165 2849 1226 XVII,

522 1237 572 1294 4,
610 1235 658 1284 3.
696 1238 957 1301 ferroque
990 1234 1166 1286 omnis
1202 1236 1393 1300 (terra)
1427 1233 1729 1301 robiqinem
1767 1235 2004 1288 obducit.
2053 1265 2116 1273 —
2159 1232 2288 1294 221.
2329 1237 2575 1288 intexet
2609 1233 2853 1286 vitibus

518 1300 743 1354 ulmos.
781 1301 995 1354 Dicitur
1030 1318 1134 1354 non
1173 1302 1349 1354 minus
1384 1302 1619 1354 intexere
1652 1302 1737 1354 αἱ·
1813 1302 1876 1354 id
1896 1303 2088 1371 aliq-tut
2115 1320 2191 1364 re,
2233 1318 2392 1371 quam
2423 1301 2655 1355 intexere
2678 1301 2856 1353 alic-uz·

521 1368 752 1436 aliquid.
791 1367 875 1421 cf.
915 1368 1028 1423 Ecl.
1068 1369 1130 1430 V,
1169 1373 1250 1422 31.
1290 1371 1421 1423 Aen.
1458 1369 1552 1430 VI,
1592 1319 1810 1432 216fae'l,
1857 1373 1971 1423 785.
2018 1370 2103 1422 Sic
2138 1370 2326 1423 Claud.
2362 1369 2558 1432 XXXI,
2605 1371 2655 1420 2.
2717 1369 2851 1420 1Ῑὶιί-

523 1437 619 1489 bus
652 1436 841 1489 intexti
939 1437 1079 1490 σηιίο
1111 1444 1440 1490 accesserat
1473 1437 1639 1489 antri.
1708 1436 1788 1490 De
1832 1453 1890 1490 re
1930 1437 2048 1506 ipsa
2097 1437 2163 1490 cf.
2212 1453 2374 1505 supra
2416 1436 2486 1490 ad
2529 1453 2580 1490 v.
2620 1441 2702 1489 89.
2739 1435 2852 1488 Ecl.

523 1502 594 1560 11.
636 1507 717 1557 70.
755 1507 811 1558 et
842 1519 876 1557 a
950 1504 1223 1558 adnotata.
1264 1534 1319 1543 -—
1361 1500 1492 1563 222.
1532 1506 1733 1569 feras
1771 1505 1920 1557 oleo
1956 1514 2066 1558 est.
2101 1506 2192 1559 Ita
2225 1505 2409 1558 Heius.
2447 1521 2508 1558 ex
2543 1503 2853 1557 melioribus

521 1569 674 1624 libris
720 1575 959 1640 (excepto
993 1577 1176 1626 tamen
1211 1572 1451 1636 Medic),
1495 1570 1670 1625 Nonio
1707 1573 1877 1626 Marc.
1914 1589 1966 1641 p.
2004 1577 2119 1636 500,
2156 1577 2241 1626 23.
2279 1575 2335 1626 et
2369 1573 2528 1625 Arus,
2565 1571 2761 1625 Messio
2796 1588 2848 1639 p.

522 1641 637 1692 230.
673 1638 735 1693 L.
772 1640 1015 1694 restituit
1048 1656 1147 1708 pro
1187 1640 1396 1708 vulgari
1435 1641 1603 1706 oleae,
1641 1655 1777 1707 quae
1812 1639 1899 1693 vel
1933 1640 2157 1704 elisioni,
2203 1640 2286 1694 vel
2321 1639 2556 1693 librariis
2593 1638 2851 1706 originem

522 1706 698 1766 debet,
733 1709 911 1775 ferax
950 1713 1005 1761 et
1041 1713 1274 1775 cognata
1317 1707 1601 1775 Adjectiva
1646 1708 1808 1760 etiam
1857 1724 1978 1760 cum
2027 1708 2222 1761 Dativo
2264 1708 2414 1774 iungi
2455 1706 2851 1774 ignorantibus,

522 1774 725 1838 (Secuti
760 1780 888 1828 sunt
924 1791 1106 1828 omnes
1145 1776 1466 1829 recentiores
1506 1775 1737 1828 editores
1808 1779 1987 1829 taeter
2020 1774 2432 1843 Coningtonem,
2496 1775 2585 1843 qui
2619 1774 2760 1827 Med.
2798 1778 2854 1826 et

523 1841 747 1895 duorum
781 1842 940 1895 Bern.
976 1842 1259 1896 lectionem
1301 1844 1453 1895 oleae
1500 1843 1714 1911 recepit.
1771 1793 2028 1897 Ribbeck,
2074 1860 2220 1897 more
2259 1859 2355 1896 suo
2387 1841 2494 1895 scri
2533 1842 2607 1893 sit
2643 1842 2850 1918 oleost..)

520 1909 704 1962 Fet-aze
742 1911 882 1974 ole0,
921 1910 958 1962 i.
993 1928 1040 1963 e.
1078 1910 1147 1963 ad
1173 1910 1348 1963 oleum
1373 1909 1719 1978 gignendum.
1759 1909 1951 1976 Wagn.
1978 1912 2185 1965 confert
2205 1910 2404 1964 Lucan.
2425 1858 2659 1966 Decus.
2695 1916 2851 1961 stert-

522 1976 594 2030 lie
630 1976 790 2030 tellzoe
823 1979 1168 2046 fecundaque
1201 1977 1346 2031 nulli
1380 1982 1538 2030 Arva
1573 1979 1730 2038 bono,
1765 1976 1960 2032 Silium
1991 1978 2063 2038 11,
2101 1982 2217 2031 495,
2252 1977 2571 2031 Fecundum
2599 1977 2659 2028 iu
2678 1977 2850 2043 fram·

520 2045 641 2097 dem
671 2045 943 2098 hominum
973 2063 1156 2113 yemw,
1191 2045 1332 2098 Plin.
1379 2046 1451 2106 II,
1481 2048 1561 2108 78,
1599 2039 1723 2113 [80.]
1759 2045 1998 2099 Tractus
2021 2045 2241 2114 fertilis
2274 2048 2355 2099 ad
2391 2044 2576 2097 omnia
2608 2048 2665 2097 et
2700 2043 2846 2096 Cort.

521 2110 590 2164 ad
621 2110 751 2165 Sall.
788 2112 909 2180 lug.
954 2116 1031 2176 17,
1070 2119 1135 2168 5..
1173 2114 1266 2166 ubi
1302 2130 1435 2180 aqer
1467 2113 1664 2166 arbori
1695 2115 2025 2191 insse-mulus
2058 2112 2274 2179 legitur.
2313 2145 2377 2152 ——
2409 2108 2540 2171 223.
2565 2111 2850 2181 facilem

515 2180 775 2248 peeorz',
822 2181 1036 2248 pascuis
1080 2184 1291 2248 aptam,
1337 2181 1495 2234 facile
1532 2181 1995 2250 suppeditantem,
2049 2181 2240 2250 quibus
2276 2180 2465 2234 alendo
2540 2179 2679 2233 ecori
2717 2196 2848 2247 opus

521 2251 629 2305 est.
691 2248 963 2315 copiosum
1006 2248 1263 2316 pabulum
1313 2250 1675 2316 praebentem.
1750 2248 1840 2302 lta
1877 2266 1926 2303 v.
1963 2266 2006 2302 c.
2044 2248 2184 2317 apud
2220 2247 2332 2302 Liv.
2616 2288 2628 2308 ,
2679 2249 2757 2307 17,
2804 2251 2850 2299 ὃ.

522 2312 721 2381 legitur
755 2333 979 2395 campus
1017 2315 1177 2386 operi
1194 2317 1428 2397 3facilis.
1488 2317 1519 2369 i.
1571 2334 1614 2369 e.
1668 2316 1757 2369 ubi
1803 2316 1963 2370 facile
2009 2333 2191 2385 opera.
2253 2316 2587 2369 munimenta
2627 2318 2854 2383 possunt

521 2382 737 2435 exstrui.
807 2383 889 2436 Ct.
927 2383 1088 2437 etiam
1125 2384 1266 2436 intra
1299 2383 1392 2442 IV,
1431 2387 1547 2437 272.
1600 2383 1805 2452 facilis
1844 2385 2225 2453 qma-entibus
2255 2384 2424 2436 herba
2476 2391 2532 2435 et
2579 2397 2741 2450 supra
2782 2381 2850 2434 ad

521 2465 569 2501 v.
614 2453 724 2502 179.
765 2449 974 2503 adnott.
1033 2482 1096 2489 —
1148 2452 1512 2523 patientem
1546 2452 1855 2519 vomeris,
1921 2452 2120 2505 vomeri
2161 2450 2319 2504 facile
2355 2448 2655 2509 cedentem,
2717 2465 2850 2518 quae

520 2517 676 2571 facile
700 2518 842 2571 arari
904 2522 1045 2573 otest
1073 2519 1295 2588 ideoque
1324 2524 1456 2587 apta
1481 2522 1566 2573 est
1586 2519 1966 2587 agriculturae.
2009 2551 2060 2558 --
2104 2516 2239 2578 224.
2278 2519 2542 2585 „vicina
2589 2517 2850 2585 Vesevo,

523 2590 811 2654 antequam
899 2586 1067 2640 esurii
1101 2587 1359 2641 incendiis
1394 2590 1605 2640 tractus
1640 2586 1731 2640 ille
1770 2591 1854 2641 est
1891 2588 2012 2641 Tito
2057 2588 2354 2655 imperante
2408 2585 2477 2652 [a.
2520 2601 2574 2653 p.
2625 2583 2751 2637 Chr.
2799 2601 2850 2636 n.

522 2655 622 2722 79]
662 2657 964 2707 vastatuS.“
1025 2655 1200 2717 Heme.
1262 2654 1483 2708 Poetica
1525 2655 1754 2707 nominis
1807 2655 1983 2708 forma
2038 2655 2265 2707 Vexent-s·
2303 2654 2504 2719 legitur
2545 2668 2594 2705 v.
2639 2668 2684 2704 c.
2731 2651 2852 2704 Val.

522 2719 603 2773 Fl.
638 2720 729 2785 IV,
768 2725 880 2774 507.
918 2722 1061 2774 Stat.
1103 2711 1233 2776 Silv.
1273 2722 1367 2781 IV,
1408 2732 1455 2785 b,
1496 2726 1562 2782 5.,
1599 2722 1875 2774 interdum
1912 2723 2077 2775 etiam
2112 2721 2255 2790 apud
2330 2719 2558 2773 edestris
2595 2719 2853 2772 orationis

522 2788 624 2841 scri
663 2792 827 2849 toreS,
873 2792 937 2842 ut
965 2790 1110 2842 Suet.
1147 2789 1253 2842 Tit.
1284 2793 1333 2841 8.
1370 2788 1662 2851 Adiective,
1703 2791 1765 2842 ut
1785 2788 1870 2842 hic
1893 2790 2074 2854 Vei-g„
2107 2789 2281 2841 utitur
2337 2803 2399 2841 oc
2421 2787 2634 2841 nomine
2660 2786 2849 2839 Claud.

520 2855 581 2908 R.
671 2874 776 2909 ros
810 2856 913 2920 III,
961 2861 1073 2909 184.
1109 2857 1256 2910 Serv.
1295 2856 1363 2911 ad
1407 2856 1460 2910 h.
1496 2857 1535 2910 1.
1575 2856 1842 2910 Vesevum
1876 2874 1909 2909 a
1942 2857 2171 2910 Vesuvio
2207 2855 2478 2909 diversum
2522 2859 2727 2911 censet.
2791 2858 2854 2906 ut

519 2922 613 2977 ille
645 2922 915 3007 Liguriae,
952 2923 1040 2977 hic
1074 2924 1399 2992 Campaniae
1435 2925 1628 2987 fuerit;
1668 2924 1761 2978 sed
1797 2927 1984 2992 aperte
2013 2924 2286 2980 Vesulum.
2323 2921 2848 2999 Liguriae‘montem,

522 3007 641 3044 cum
698 2992 902 3044 Vesevo
956 2992 1252 3046 confundit.
1326 2991 1581 3046 Ribbeck.
1639 3007 1759 3045 cum
1816 2992 1958 3045 Med.
2003 2992 2227 3060 aliisque
2271 2990 2426 3043 bonis
2469 2989 2623 3042 libris
2666 2989 2854 3041 scribit

531 3058 781 3111 VesaevO.
852 3058 953 3121 (De
1003 3057 1267 3127 diphthon
1307 3075 1336 3112 o
1374 3077 1439 3113 ae
1475 3059 1531 3113 in
1571 3058 1740 3113 Codd.
1781 3076 1877 3127 pro
1913 3077 1942 3111 e
1975 3058 2139 3125 longa
2173 3058 2352 3127 posita
2385 3058 2453 3111 ef.
2495 3058 2607 3110 eius
2634 3055 2849 3124 Proleg.

521 3143 579 3246 pss.
611 3129 707 3179 385
744 3142 860 3246 sqffi
904 3125 1123 3179 Lachm.
1163 3126 1229 3204 ad
1318 3142 1426 3179 uer.
1475 3126 1539 3189 V,
1583 3130 1727 3180 1229.
1779 3129 1833 3179 et
1887 3127 1979 3185 vl.
2030 3131 2147 3180 651.
2186 3125 2328 3204 alii.)
2398 3160 2420 3165 ω
2508 3121 2640 3183 225.
2697 3124 2849 3176 Ora.

580 3193 794 3246 emorab
841 3194 884 3245 's
920 3196 1004 3247 est
1034 3192 1193 3247 Gellii
1238 3193 1303 3248 de
1339 3193 1437 3247 hoc
1471 3193 1587 3247 loco
1622 3194 2057 3256 narratiuncula,
2110 3210 2201 3262 qm
2235 3193 2304 3246 N.
2341 3192 2403 3246 A.
2443 3191 2564 3253 VII,
2602 3195 2682 3244 20.
2720 3189 2850 3244 haec

522 3261 712 3315 refert:
778 3260 1085 3328 „Scriptum
1122 3262 1173 3313 in
1213 3261 1441 3330 quodam
1479 3261 1863 3316 commentario
1900 3262 2095 3331 reperi,
2146 3276 2328 3314 versus
2374 3260 2506 3313 istos
2549 3274 2582 3312 a
2614 3257 2851 3325 Vergilio

523 3328 602 3381 ita
652 3329 882 3397 primum
934 3344 1049 3381 esse
1102 3329 1357 3381 recitatos
1408 3331 1570 3397 atque
1616 3329 1821 3383 editos:
1866 3358 1890 3369 -
1927 3358 1949 3368 ·
1993 3329 2176 3381 vicina
2231 3328 2430 3381 Vesevo
2485 3324 2644 3378 Nola
2697 3326 2852 3392 iuyo:

562 3400 713 3449 ostea
738 3394 1035 3463 Vergilium
1071 3396 1260 3464 petiise
1296 3412 1328 3448 a
1366 3395 1593 3450 Nolanis
1627 3412 1842 3475 aquam,
1882 3396 1965 3449 uti
2005 3395 2224 3450 duceret
2256 3395 2312 3448 in
2346 3394 2699 3464 propinquum
2729 3410 2846 3446 rus:

523 3411 758 3518 Rolanos
794 3463 1106 3516 beneficium
1156 3463 1387 3531 petitum
1438 3480 1543 3517 non
1593 3463 1810 3518 fecisse:
1874 3466 2089 3532 poetam
2145 3462 2404 3516 offensum
2456 3477 2646 3515 nomen
2699 3461 2851 3513 urbis

525 3547 722 3590 eorum,
774 3531 928 3598 quasi
968 3548 1027 3583 ex
1063 3529 1338 3584 hominum
1375 3531 1649 3593 memoria,
1700 3532 1778 3584 sic
1818 3549 1880 3584 ex
1916 3532 2148 3585 carmine
2181 3546 2277 3583 suo
2313 3530 2592 3589 derasisse,
2645 3546 2849 3596 oraque

561 3615 617 3651 ro
656 3596 811 3651 Nola
849 3602 1114 3657 mutasse,
1170 3604 1332 3668 atque
1368 3598 1448 3652 ita
1492 3598 1828 3667 reliquisse.⁵‘
1901 3598 2086 3663 (Vide,
2137 3615 2272 3666 quae
2321 3605 2509 3651 contra
2551 3596 2848 3663 Hauptium

552 3665 641 3718 nd.
680 3664 831 3719 lectt.
868 3668 1001 3719 aest.
1040 3666 1216 3719 Berol.
1257 3683 1305 3720 a.
1348 3669 1495 3720 1857.
1534 3683 1588 3735 p.
1626 3672 1675 3720 4.
1711 3665 1852 3720 hanc
1889 3665 2343 3720 narratiunculam
2391 3663 2679 3719 absurdam
2729 3680 2848 3718 cen-

523 3736 726 3787 sentem
765 3732 831 3785 de
904 3734 1250 3787 robabilitate
1286 3735 1398 3787 eius
1436 3733 1738 3803 disputavit
1780 3734 2036 3788 Ribbeck.
2081 3735 2133 3787 in
2181 3732 2396 3801 Proleg.
2451 3749 2504 3801 p.
2553 3735 2616 3784 23
2662 3748 2743 3811 sq.
2794 3734 2849 3784 et

527 3803 660 3855 120.)
700 3830 761 3839 --
803 3798 852 3853 Ο
884 3802 1078 3853 anius
1112 3803 1197 3870 (ut
1229 3802 1390 3855 etiam
1429 3789 1561 3855 S'ilio
1600 3801 1752 3864 VIII,
1784 3805 1901 3855 537.
1930 3800 2150 3863 dicitur)
2173 3818 2215 3855 s,
2247 3799 2439 3855 Clanis
2464 3799 2579 3864 (Gr.
2606 3802 2845 3876 Γλαιςις),

521 3867 712 3921 fluvius
768 3867 1115 3937 Campaniae,
1178 3870 1327 3922 iuxta
1372 3868 1653 3923 Liternum
1704 3869 1759 3921 in
1806 3885 1956 3923 mare
2004 3886 2062 3923 se
2114 3868 2416 3931 effundenS,
2473 3882 2634 3937 quare
2684 3868 2845 3920 etiam

521 3935 773 3988 Liternus
809 3936 1104 3990 vocabatur
1166 3936 1342 3989 strab.
1377 3937 1441 3990 V.
1480 3953 1533 3999 p.
1581 3939 1695 3990 243.
1743 3934 1866 3990 Cas,
1914 3935 2031 3990 Liv.
2083 3935 2310 3995 XXXII.
2364 3939 2446 3995 29,
2501 3938 2548 3987 3.
2598 3935 2654 3987 et
2703 3931 2844 3986 Flor.

521 4002 563 4058 I.
606 4006 726 4059 16³.
764 4003 1057 4057 etiamnum
1099 4002 1139 4055 C
1204 4006 1295 4055 uio
1340 4003 1668 4058 nominatus.
1739 4004 1823 4057 Cf.
1876 4003 2015 4058 liber
2066 4021 2216 4058 meus
2262 4020 2444 4083 geogr.
2498 4000 2596 4055 III.
2642 4016 2693 4068 p.
2730 4004 2847 4054 519.

520 4069 809 4138 Frequenti
843 4071 1192 4124 exundatione
1227 4072 1509 4125 Acerranis
1544 4071 1771 4140 aliisque
1807 4072 1998 4125 vicinis
2032 4072 2176 4139 agris
2212 4071 2464 4125 exitiosus
2499 4070 2632 4132 erat,
2682 4083 2845 4136 quare

520 4138 681 4190 etiarn
723 4137 884 4192 Silius
932 4137 971 4190 1.
1029 4137 1086 4199 l.,
1142 4138 1320 4191 locum
1369 4143 1617 4193 nostrum
1667 4140 1940 4199 imitatus,
2000 4138 2198 4193 Clanio
2255 4143 2589 4206 contemptae
2638 4153 2849 4205 semper

518 4207 771 4258 Acerrae.
821 4204 905 4258 cf.
941 4206 1103 4259 etiam
1140 4206 1359 4274 DionyS.
1399 4206 1522 4260 Hal.
1560 4206 1683 4261 VII.
1759 4248 1771 4259 .
1808 4211 1928 4261 419.
1976 4206 2240 4276 Lycophr.
2284 4224 2334 4261 v.
2388 4208 2503 4258 718.
2557 4208 2613 4256 et
2659 4202 2845 4270 Steph.

520 4270 645 4338 Byz.
681 4290 731 4342 p.
769 4276 915 4333 209..
977 4272 1041 4326 de
1076 4275 1350 4326 Acerris
1386 4278 1567 4328 autem
1606 4274 1676 4328 ab
1798 4274 2018 4329 nnibale
2052 4275 2275 4337 eversis,
2333 4273 2402 4327 ab
2436 4273 2680 4338 Augusto
2723 4286 2846 4324 vero

519 4339 811 4399 restitutis,
876 4355 1011 4410 quae
1067 4356 1236 4409 usque
1282 4340 1349 4394 ad
1398 4346 1586 4395 nostra
1636 4346 1885 4410 tempora
1943 4343 2224 4411 antiquum
2283 4355 2478 4395 nomen
2541 4342 2842 4395 servarunt.

556 4412 730 4460 taeter
764 4406 880 4462 Silii
915 4407 951 4462 1.
985 4407 1023 4461 1.
1060 4407 1337 4471 Plin.111‚
1379 4411 1458 4469 14,
1511 4414 1587 4464 19.
1634 4409 1748 4463 Liv.
1795 4410 2002 4474 XXIII,
2053 4415 2131 4464 17.
2174 4408 2396 4470 XXVII,
2447 4410 2495 4469 3,
2547 4409 2595 4459 6.
2646 4405 2740 4459 alii
2786 4412 2842 4459 et

544 4472 653 4525 'ber
686 4490 837 4527 meus
872 4475 1029 4529 modo
1064 4491 1254 4530 comm.
1290 4476 1392 4530 111.
1429 4493 1482 4544 p.
1523 4480 1637 4529 742.
1689 4508 1755 4518 -
1807 4496 2057 4532 vacuae
2101 4482 2283 4531 autem
2318 4475 2568 4530 dicuntur
2600 4475 2843 4527 Acen-oe

522 4542 793 4606 tamquam
830 4541 1192 4611 infrequentes
1228 4543 1433 4607 incolis,
1469 4543 1691 4612 ideoque
1728 4544 1943 4614 quietae
1980 4550 2036 4600 et
2060 4543 2475 4614 tranquillitatis
2499 4541 2705 4611 plenae.
2753 4540 2843 4594 Ita
