3616 5026
1492 238 2018 310 GEORGIOON
2087 242 2250 310 LIB.
2306 244 2353 310 Ι.
2960 249 3080 310 277

752 403 871 470 Ille
912 407 1104 471 etiam
1150 409 1434 474 extincto
1478 410 1824 476 miseratus
1868 410 2153 476 Caesare
2192 410 2487 496 Romam,

755 487 924 555 Cum
965 499 1166 577 caput
1206 489 1484 557 obscura
1525 491 1801 558 nitidum
1844 495 2173 580 ferrugine
2215 496 2378 559 texit

750 571 1066 660 Inpiaque
1109 583 1439 641 aeternam
1481 576 1838 641 timuerunt
1877 576 2135 642 saecula
2174 587 2446 644 noctem.

754 653 1075 742 Tempore
1119 678 1513 746 quamquam
1548 658 1660 724 illo
1704 657 1893 724 tellus
1935 681 2192 748 quoque
2234 670 2298 724 et
2340 683 2625 749 aequora
2666 663 2842 748 ponti

755 737 1220 827 Obscenaeque
1265 763 1457 807 canes
1501 744 2011 831 inportunaeque
2053 742 2347 808 volucres
2983 759 3084 809 470

788 956 1062 1036 lantarum
1096 960 1324 1081 {smmis
1359 961 1621 1017 deducere
1652 963 1906 1017 malebat.
1977 962 2055 1017 De
2105 963 2241 1017 mari
2277 980 2324 1016 v.
2364 979 2408 1017 c.
2445 963 2645 1033 legitur
2680 965 2820 1018 infra
2852 965 2925 1026 11,
2963 969 3080 1019 479.

763 1094 776 1106 ·
797 1024 905 1079 vid.
940 1025 1072 1080 Met.
1141 1068 1152 1090 ‚
1194 1033 1297 1093 36..
1335 1028 1401 1083 de
1436 1030 1596 1085 fluvio
1620 1030 1820 1085 Lucan.
1855 1031 1921 1092 X,
1959 1033 2074 1086 224.
2099 1030 2289 1086 Velleii
2322 1031 2359 1085 l.
2397 1030 2436 1085 1.
2459 1031 2688 1099 legimus
2717 1032 2879 1086 Mors
2903 1033 3086 1087 Drusi

748 1111 863 1214 15¹²?
887 1096 1432 1241 ’ἓᾜωᾞῖῗωὲ
1460 1097 1696 1225 RQ.
1715 1098 3080 1236 ‘ffifflffigss‘ss‘sfflsszcffldaaORiffissuffsssJssss

749 1231 805 1282 et
844 1228 1196 1284 Octavianum
1239 1233 1545 1300 Augustum
1603 1232 1714 1288 cele
1752 1233 1967 1288 raudos,
2028 1235 2130 1302 (Cf.
2178 1235 2253 1288 Ar
2387 1239 2420 1288 ‚i
2497 1233 2751 1304 Prodigia
2791 1240 2915 1305 post
2957 1236 3082 1291 Iulii

748 1296 993 1351 Caesaris
1028 1298 1269 1366 caedem,
1321 1316 1458 1369 quae
1502 1301 1664 1380 simul
1747 1319 1804 1355 ro
1856 1303 2121 1370 praesagii
2185 1251 2523 1356 beffindivilis
2561 1319 2677 1356 eam
2714 1304 2883 1357 secuti
2918 1304 3081 1358 habe-

749 1364 974 1426 bantur,
1019 1381 1125 1418 non
1174 1367 1347 1421 solum
1384 1372 1557 1439 poetis
1596 1369 1685 1434 (cf.
1708 1319 1854 1422 1lior.
1893 1369 1993 1423 Od.
2029 1370 2071 1433 1,
2107 1373 2163 1448 ,2.
2200 1369 2354 1424 Ovid.
2385 1370 2518 1425 Met.
2555 1369 2669 1428 XV.
2709 1373 2804 1424 782
2839 1389 2954 1441 sqq.
2995 1372 3081 1424 Ti-

748 1431 883 1484 bull.
918 1431 1001 1487 11.
1040 1438 1095 1496 5,
1135 1438 1217 1487 71.
1254 1434 1454 1490 Lucan.
1493 1437 1538 1496 Ι.
1579 1440 1676 1490 522
1718 1455 1746 1491 s
1785 1443 1879 1506 (1.),
1918 1436 2013 1492 sed
2046 1440 2209 1490 etiam
2247 1437 2517 1492 historicis
2557 1437 2647 1494 (cf.
2685 1440 2756 1492 im
2796 1440 2946 1492 rimis
2978 1440 3079 1492 Dio

748 1499 897 1578 Cass.
934 1499 1094 1579 XLV,
1138 1506 1240 1564 17.)
1267 1504 1402 1557 satis
1438 1504 1602 1559 fuisse
1638 1454 1950 1584 celegrata„
1975 1504 2057 1558 He
2093 1522 2145 1558 n.
2181 1504 2289 1558 iam
2324 1505 2621 1561 adnotavit.
2692 1506 2751 1559 In
2784 1522 2842 1559 er
2876 1522 2940 1560 ea
2975 1507 3080 1561 fuit

747 1570 911 1621 etiam
943 1566 1073 1621 sohs
1108 1568 1350 1625 defectus
1387 1585 1535 1632 (nam
1573 1589 1645 1626 m.
1666 1572 1952 1626 Novembri
1978 1588 2025 1626 a.
2105 1613 2117 1625 .
2143 1572 2200 1625 C.
2219 1576 2334 1635 710,
2373 1589 2476 1642 quo
2499 1574 2696 1628 Caesar
2727 1575 3079 1643 interemptus

748 1638 857 1698 est,
904 1650 1026 1689 vere
1064 1637 1193 1691 solis
1233 1638 1502 1693 defectum
1539 1639 1818 1702 accidisse,
1908 1657 1979 1694 ua
2017 1640 2082 1695 de
2118 1657 2174 1694 re
2213 1640 2373 1694 multi
2408 1640 2750 1704 dubitarunt,
2787 1642 3078 1695 astronomi

750 1702 1067 1756 recentiores
1111 1706 1245 1758 satis
1293 1705 1725 1761 demontrarunt:
1769 1707 1838 1761 cf.
1937 1707 2097 1761 erlin.
2136 1708 2356 1761 Astron.
2398 1709 2618 1774 Tafeln.
2655 1709 2728 1762 11.
2769 1727 2820 1779 p.
2867 1712 3006 1768 122..
3046 1727 3081 1762 a

748 1769 941 1822 Wund.
970 1769 1168 1834 laud),
1217 1776 1272 1826 et
1313 1790 1408 1841 per
1440 1777 1615 1828 totum
1652 1791 1852 1829 annum
1887 1776 2077 1845 pallor.
2122 1776 2267 1829 caelo
2305 1792 2514 1846 semper
2546 1775 2744 1829 nebula
2795 1776 3077 1830 obscurato

749 1853 866 1958 ἓεοὸ
866 1839 1309 1962 531riffitiinamns01:32⁰
1320 1841 1465 1963 αΙΞιῦο
1486 1841 1983 1964 'lllssffiflplffdgmss''
2006 1842 2309 1966 Vffdsspiqss‘
2345 1843 2479 1965 lnsss
2491 1842 2768 1970 Plutargloi.
2796 1843 2900 1898 lul.
2926 1845 3079 1966 Caes.

783 1944 915 1959 ..
1079 1948 1204 1972 .‚
1314 1950 1449 1972 ,.
1674 1927 2313 1970 ..,o.u1vl.
2480 1927 2603 1966 en..
2754 1928 3074 1966 usaaum

747 1972 906 2026 huius
942 1972 1308 2044 phaenomeni‚
1351 1977 1513 2031 etiam
1552 1978 1701 2031 Livio
1736 1977 1909 2034 XXV.
1951 1983 1999 2030 7.
2036 1977 2235 2040 XXXI,
2281 1981 2358 2032 12.
2398 1980 2624 2049 ah'isque
2660 1980 3076 2040 commemorati,

749 2039 815 2095 de
849 2057 952 2110 quo
990 2042 1151 2096 multi
1188 2043 1561 2114 disputarunt.
1609 2062 1713 2099 non
1752 2049 1867 2098 tam
1906 2047 2125 2099 fuerunt
2155 2045 2403 2101 insolitae
2439 2046 2700 2116 quaedam
2735 2047 2861 2100 solis
2897 2064 3078 2101 macu-

747 2108 847 2170 lae,
884 2112 951 2162 ut
985 2109 1146 2178 vulgo
1181 2115 1405 2181 putant,
1455 2129 1617 2182 quam
1651 2113 1838 2192 potius
1884 2113 2081 2167 nebula
2112 2112 2210 2167 illa
2245 2114 2550 2182 ferruginea
2586 2114 2758 2171 modo.
2798 2114 2954 2168 modo
2989 2132 3077 2168 ru-

748 2177 896 2239 bens,
939 2192 1103 2245 quam
1137 2195 1234 2232 nos
1253 2179 1574 2235 Hmmaela
1610 2180 1783 2235 dicere
1820 2180 2071 2236 solemus.
2142 2181 2224 2235 Cf.
2261 2182 2452 2250 Heynii
2491 2181 2686 2251 Opusc.
2727 2182 2848 2235 Vol.
2884 2182 2983 2236 ΠΙ.
3021 2199 3075 2234 n.

747 2243 870 2297 ΧΠ.
910 2261 964 2312 p.
1003 2247 1119 2299 202.
1156 2245 1347 2301 Ideler.
1384 2248 1605 2302 Meteor.
1644 2251 1777 2302 vett.
1819 2265 1868 2316 p.
1909 2253 1972 2302 47
2009 2266 2087 2318 sq.
2128 2251 2184 2302 et
2217 2248 2354 2304 liber
2392 2265 2542 2305 meus
2575 2265 2757 2328 geogr.
2792 2249 2834 2305 I.
2910 2291 2922 2302 .
2960 2253 3077 2303 630.

748 2312 997 2391 Ceterum
1035 2313 1207 2382 Heyn.
1242 2314 1491 2372 adnotat.
1537 2315 1604 2369 ad
1648 2316 1818 2369 nostri
1864 2320 2052 2384 poetae
2104 2316 2402 2386 exemplum
2437 2317 2571 2372 alios
2616 2322 2777 2371 etiam
2816 2268 3078 2371 bellorum

748 2395 1158 2450 sti-amorumque
1193 2383 1568 2437 calamitatum
1644 2385 1890 2452 raesagia
1927 2399 2389 2443 commemorasse.
2436 2390 2491 2439 et
2539 2384 2667 2439 belli
2737 2385 2916 2439 uidem
2951 2385 3077 2438 civi-

749 2445 817 2500 lis
851 2446 1053 2502 Lucan.
1090 2449 1144 2515 1,
1194 2454 1290 2503 524
1336 2468 1362 2504 s
1402 2469 1452 2521 q.
1504 2453 1562 2505 et
1641 2456 1812 2505 etron.
1860 2467 1906 2504 c.
1954 2455 2065 2506 123.
2214 2454 2506 2505 cotincto
2556 2471 2625 2507 m.
2725 2470 2960 2506 aesarc
3003 2452 3076 2506 R.

749 2516 833 2569 Cf.
867 2515 1076 2573 adnott.
1112 2517 1181 2571 ad
1219 2518 1332 2572 Ecl.
1411 2559 1423 2579 ‚
1470 2522 1550 2573 20.
1592 2552 1655 2560 -
1690 2520 1825 2581 467.
1860 2520 2207 2588 terrvcyine
2246 2522 2428 2574 texit.
2465 2521 2670 2575 Wakef.
2705 2525 2907 2575 temere
2943 2538 3075 2575 corr.

750 2585 1036 2652 ίαν-κρίνω
1078 2584 1267 2645 tinxit,
1315 2586 1566 2656 quoniam
1608 2586 1698 2640 Sol
1745 2589 1983 2656 caliyine
2021 2592 2078 2641 et
2111 2589 2342 2641 tenebris
2374 2589 2486 2654 teni
2518 2592 2659 2643 recte
2696 2588 2933 2649 dicatur,
2973 2606 3076 2641 non

750 2653 877 2705 item
905 2653 1206 2720 ferrumine
1239 2659 1294 2708 et
1334 2656 1536 2707 colore.
1608 2654 1711 2708 Sed
1747 2655 1861 2709 iure
1899 2671 2018 2709 eum
2062 2656 2179 2709 vitu
2215 2672 2370 2710 erans
2415 2657 2624 2725 quaerit
2659 2656 2844 2711 Iahn.:
2900 2655 3075 2720 „Quid

747 2718 916 2788 igitur
946 2719 1112 2774 faciet
1144 2737 1265 2775 cum
1299 2724 1508 2775 nostro:
1546 2722 1652 2775 Ale
1673 2724 1752 2775 ele
1782 2725 1887 2776 das
1909 2723 2173 2776 sti-aldene
2216 2762 2219 2766 Δ
2243 2724 2440 2794 Haupt
2458 2725 2559 2776 mit
2573 2725 2832 2778 ἀπώσειε»-
2857 2727 3080 2776 Bra‘mm

750 2787 1140 2841 bedcckte?“
1173 2820 1240 2829 —
1268 2791 1512 2858 sen-uqa
1547 2806 1642 2858 pro
1677 2789 1923 2858 caligine.
1974 2788 2156 2844 Prima
2193 2791 2330 2844 enim
2369 2791 2757 2859 significatione
2784 2790 3075 2845 secundum

748 2853 982 2908 Nonium
1027 2873 1078 2925 p.
1124 2860 1243 2910 549.
1277 2873 1374 2911 vox
1416 2857 1622 2911 indicat
1655 2856 1881 2910 colorem
1923 2856 2075 2910 illum
2091 2899 2103 2920 ‚
2156 2874 2312 2927 quem
2360 2874 2457 2910 nos
2492 2859 2778 2925 ethenqrau
2811 2874 3077 2925 vocamus,

749 2938 929 2992 quare,
965 2925 1029 2976 ut
1059 2924 1219 2991 πέρα*
1251 2927 1308 2978 et
1344 2933 1480 2991 ater,
1518 2923 1663 2978 haud
1698 2941 1818 2978 raro
1857 2924 1921 2978 de
1960 2925 2118 2978 rebus
2157 2925 2224 2978 ad
2261 2925 2458 2979 inferos
2561 2926 2888 2980 rtinentibus
2922 2942 3078 2980 usur-

748 2993 925 3059 patur,
963 3006 1015 3043 v.
1052 3006 1097 3044 c.
1136 2991 1191 3043 iu
1229 2992 1412 3046 Culiee
1447 2995 1565 3045 272.
1601 2992 1667 3045 de
1701 2992 1836 3046 Orco
1872 2993 2003 3060 ipso.
2039 2994 2168 3047 Aen.
2197 2993 2288 3048 VI.
2323 2996 2437 3047 303.
2514 2993 2840 3047 eCharontis
2865 2995 3074 3053 cumba,

750 3057 904 3111 Ovid.
940 3057 1073 3111 Met.
1105 3059 1171 3121 V,
1208 3063 1326 3113 404.
1362 3060 1429 3114 de
1464 3058 1688 3114 habenis
1722 3063 1779 3113 et
1812 3059 1998 3113 Claud.
2037 3060 2257 3114 XXXV.
2296 3063 2413 3113 275.
2448 3060 2513 3113 de
2551 3061 2789 3114 vestibus
2829 3059 3075 3114 Plutonis

748 3128 881 3178 etc.:
942 3124 1135 3180 deinde
1169 3127 1429 3181 violarum
1467 3126 1628 3180 colori
1666 3143 1726 3180 ex
1765 3127 2005 3180 timendo
2046 3127 2334 3182 adhibetur
2377 3128 2608 3194 (violent
2668 3129 2736 3182 cf.
2774 3144 2823 3182 v.
2860 3145 2907 3181 c.
2943 3130 3071 3182 Geo.

746 3192 840 3255 IV,
886 3196 999 3247 183.
1022 3195 1347 3273 fermqiuei
1381 3194 1675 3264 hyacinthi,
1734 3194 1902 3248 ,laud.
1940 3193 2161 3250 XXXV.
2208 3201 2290 3249 93.
2326 3196 2506 3248 violae
2538 3196 2581 3260 f
2737 3197 2823 3248 ine
2897 3196 3074 3262 infit),

750 3259 970 3330 ideoque
1019 3261 1287 3316 interdum
1329 3262 1493 3316 etiam
1529 3278 1623 3331 pro
1658 3278 1894 3331 purpura
1936 3261 2152 3330 ponitur
2199 3264 2352 3319 (Aen.
2392 3262 2493 3324 IX,
2533 3212 2783 3324 5ffl‚
2823 3265 2850 3314 7
2888 3266 2936 3317 2.
2972 3262 3072 3315 (la-

746 3327 871 3381 tun.
906 3328 1104 3396 XLIV,
1150 3332 1291 3389 223.)
1347 3329 1657 3399 Numquam
1691 3346 1814 3384 vero
1844 3329 2144 3395 rubiginem
2179 3330 2394 3399 eiusque
2429 3330 2658 3384 colorem
2692 3330 2903 3385 videtur
2935 3328 3072 3383 indi-

747 3412 887 3449 care.
956 3396 1035 3451 Ut
1074 3395 1161 3450 hic
1195 3395 1260 3451 de
1294 3397 1441 3461 solis,
1478 3397 1559 3451 ita
1594 3397 1737 3467 apud
1773 3397 1927 3451 Ovid.
1965 3396 2094 3450 Met.
2137 3397 2258 3457 XV,
2317 3400 2431 3451 788.
2479 3397 2545 3451 de
2578 3397 2808 3451 Luciferi
2846 3397 3073 3467 caligine

747 3462 972 3542 legitur:
1032 3462 1299 3518 Caerulus
1350 3473 1403 3517 et
1457 3466 1661 3518 vultum
1693 3465 1988 3533 fermeyivae
2028 3465 2265 3532 Ima-{fer
2308 3473 2438 3519 atra
2475 3463 2716 3536 Sparata-3
2752 3474 2888 3518 erat.
2963 3464 3069 3523 (Cf.

747 3534 910 3585 etiam
945 3531 1287 3601 Conington.)
1325 3533 1524 3586 Locum
1561 3536 1805 3586 nostrum
1841 3532 2038 3585 imitati
2078 3537 2206 3585 sunt
2239 3532 2408 3586 Lucil.
2449 3531 2515 3587 de
2537 3533 2714 3587 Aetna
2746 3536 2859 3587 605.
2899 3533 3077 3585 Hand

747 3598 913 3652 aliter
955 3616 1120 3668 quam
1162 3618 1281 3653 eum
1313 3618 1479 3654 saevo
1511 3600 1644 3653 Iove
1681 3600 1948 3669 ficlqurat
1994 3601 2175 3653 aether
2211 3600 2288 3651 Ec
2335 3600 2568 3653 nitidum
2603 3602 2834 3655 obscura
2866 3601 3074 3654 caelum

747 3665 985 3734 caligine
1021 3674 1235 3736 torquet
1268 3667 1486 3737 (Scalig.
1656 3676 1730 3733 et,
1772 3654 1978 3720 Peerlk.
2028 3670 2180 3723 teret)
2221 3670 2276 3720 et
2313 3666 2575 3722 Prudent.
2611 3668 2851 3722 Cathem.
2895 3685 2948 3736 p.
2989 3672 3071 3721 68.

750 3735 854 3788 Sol
884 3735 1099 3804 rcsuyit
1132 3743 1183 3788 et
1217 3736 1442 3803 luqubri
1470 3752 1570 3789 sor
1757 3734 2057 3802 ser-rufine
2091 3734 2312 3801 Ιφιοωη
2334 3733 2558 3803 reliquit
2578 3753 2734 3790 axem
2753 3744 2911 3805 atque
2931 3753 3074 3789 moe-

749 3819 871 3855 rens
905 3803 1140 3857 abdidit.
1177 3835 1242 3843 -·
1302 3802 1432 3864 468.
1480 3803 1669 3873 inpia
1707 3801 2005 3868 saecula,
2053 3802 2290 3855 homines
2324 3802 2484 3856 istius
2519 3804 2659 3865 aevi,
2712 3820 2813 3873 quo
2849 3803 3075 3873 impium

750 3869 958 3923 facinus
993 3870 1047 3923 in
1084 3870 1366 3925 Caesarem
1402 3871 1744 3924 commissum
1781 3872 1917 3924 erat.
1990 3868 2227 3924 Saecula
2262 3870 2581 3925 Lucretiano
2614 3888 2758 3925 more
2777 3870 2929 3924 dixit.
2989 3871 3070 3923 Cf.

750 3937 905 3991 Lucr.
944 3937 987 3997 1,
1026 3941 1111 3991 21.
1151 3939 1222 3997 Π,
1264 3942 1346 3992 77.
1384 3943 1500 3992 503.
1539 3938 1653 4003 (ubi
1687 3936 1796 3990 vid.
1831 3936 2017 3990 adnot.
2058 3940 2197 3991 meai
2231 3936 2343 3999 ΠΙ,
2393 3942 2506 3993 753.
2548 3941 2650 3993 etc.
2688 3939 2830 3993 infra
2862 3954 2912 3989 v.
2955 3942 3072 3990 500.

752 4004 880 4059 GeO.
918 4004 993 4067 11,
1033 4008 1150 4058 295.
1179 4005 1295 4058 Liv.
1332 4005 1427 4067 IX,
1470 4007 1548 4070 18,
1590 4010 1668 4060 10.
1704 4037 1769 4045 -
1808 4003 1937 4065 469.
1977 4021 2275 4074 aequora
2302 4006 2511 4074 ponti.
2554 4007 2637 4060 Cf.
2673 4023 2737 4060 su
2773 4023 2835 4060 ra
2867 4022 2916 4060 ν.
2958 4009 3072 4058 246.

751 4074 883 4126 Aen.
923 4072 995 4135 11,
1037 4075 1149 4127 780.
1185 4076 1288 4126 etc.
1359 4073 1449 4127 lta
1603 4091 1726 4126 cora
1756 4073 1924 4143 ponti
1955 4073 2116 4127 etiam
2153 4071 2294 4140 apud
2331 4073 2487 4127 Lucr.
2525 4074 2576 4133 1,
2623 4077 2671 4128 8.
2705 4074 2732 4127 Ι
2772 4115 2785 4137 ,
2825 4076 2940 4127 727.
2977 4073 3069 4130 vl.

749 4143 865 4193 440.
904 4138 1058 4195 Ovid.
1093 4140 1223 4194 Met.
1260 4140 1341 4203 11,
1395 4143 1512 4195 872.
1601 4141 1738 4195 vien.
1776 4140 1948 4194 descr.
1987 4137 2170 4193 mundi
2216 4144 2363 4199 964..
2427 4142 2598 4195 maris
2649 4159 2715 4193 ae
2855 4160 2893 4193 a
2929 4140 3072 4209 apud

752 4207 880 4261 Hor.
916 4206 1017 4262 Od.
1052 4206 1145 4273 IV,
1180 4212 1226 4267 5,
1271 4211 1350 4263 10.
1386 4211 1444 4262 et
1477 4207 1609 4262 alibi
1642 4208 1861 4275 legitur.
1932 4206 2016 4259 cf.
2041 4205 2334 4261 Burmann.
2371 4207 2439 4261 ad
2476 4208 2633 4277 Prop.
2671 4158 2860 4269 M
2899 4212 2980 4262 51.
3017 4212 3073 4260 et

751 4274 1053 4329 Markland.
1089 4275 1159 4329 ad
1193 4274 1333 4330 Stat.
1368 4275 1499 4331 Silv.
1533 4275 1637 4339 ΠΙ,
1697 4279 1743 4339 2,
1789 4280 1872 4329 43.
1911 4305 1974 4314 —·
2020 4270 2148 4333 470.
2196 4275 2528 4331 Obscenae
2577 4294 2784 4329 cane-3.
2853 4276 2943 4330 lta
2975 4292 3072 4344 pro

736 4342 896 4411 vulg.
938 4342 1268 4413 obscenique
1303 4361 1465 4397 canes
1496 4360 1637 4398 unus
1670 4342 1887 4401 Medic..
1924 4357 2080 4411 quem
2130 4358 2249 4396 cum
2285 4343 2474 4413 Wagn.
2520 4360 2700 4399 omnes
2755 4343 3074 4398 recentiores

754 4409 982 4464 editores
1019 4411 1136 4491 iure
1172 4411 1343 4465 secuti
1378 4414 1525 4465 sunt.
1586 4410 1792 4492 Solent·
1811 4411 1950 4466 enim
1973 4477 1984 4489 ο
2004 4413 2191 4478 poetae
2233 4410 2308 4491 in.
2324 4411 2627 4465 nominibus
2661 4411 2927 4491 epicoenis·
2959 4412 3073 4492 ple-

754 4479 1190 4626 mffffl·
1224 4495 1399 4603 3⁹1¹&
1436 4551 1494 4602 et
1592 4477 2175 4624 {iiiivfflffiff
2201 4477 2530 4610 1‘?'¹'i¹·9¹÷⁵›³.3³‚‘·
2571 4479 3073 4617 ῗέὼὲέὲίῃᾞὶὲἲῖ

756 4611 881 4668 dum
918 4617 1082 4669 etiam
1115 4632 1201 4670 me
1226 4615 1361 4671 'ores
1402 4616 1518 4669 soni
1555 4632 1718 4670 causa
1760 4612 2114 4669 masculinum
2157 4629 2283 4682 prae
2309 4619 2467 4670 erunt
2506 4621 2558 4683 (c
2586 4656 2598 4668 .
2639 4615 2824 4670 Burm.
2858 4614 2928 4668 ad
2967 4614 3072 4667 Lu·
