3616 5026
595 249 711 312 172
1291 242 1363 307 Ρ.
1409 240 1780 308 VERGILI
1819 240 2218 308 MARONIS

590 408 780 474 Serta
821 407 978 473 mihi
1018 406 1267 495 Phyllis
1309 408 1584 493 legeret,
1630 417 1922 473 cantaret
1965 409 2306 496 Amyntas.

588 491 717 555 Hic
758 490 956 576 gelidi
993 492 1198 557 fontes
1222 540 1240 573 ‚
1283 490 1391 555 hic
1427 489 1648 556 mollia
1691 502 1901 577 prata,
1945 492 2207 578 Lycei-i,

588 573 717 638 Hic
752 596 1008 648 nemus3
1061 574 1167 639 hic
1210 575 1353 661 ipso
1395 582 1608 639 tecum
1660 596 2071 639 consumerer
2113 592 2294 640 aevo.

588 657 777 722 Nunc
813 659 1079 722 insanus
1120 680 1301 722 amor
1342 655 1488 722 duri
1530 678 1632 722 me
1671 655 1907 723 Martis
1965 660 2034 723 in
2075 659 2273 723 armis

587 888 707 944 dem
740 904 869 959 agro
905 888 1141 958 plantari
1175 887 1382 943 solitae.
1452 890 1646 945 Melius
1681 889 1737 945 in
1769 890 1886 945 loco
1912 890 2242 952 Theocriteo,
2284 906 2441 960 quem
2478 890 2757 960 expressit,
2795 890 2917 955 VH,

585 961 667 1013 88.
714 959 779 1013 τὺ
817 956 867 1009 δ’
918 956 1039 1010 ὑπὸ
1077 957 1277 1025 δρυσὶν
1309 953 1345 1023 ἢ
1381 956 1495 1011 ὑπὸ
1533 955 1770 1020 πεύκαις
1804 958 1915 1012 ἁδὺ
1950 955 2364 1029 μελισδόμεως
2398 961 2760 1012 κατακέκλισο
2793 964 2918 1012 θεῖε

583 1027 880 1092 Κομᾶτα.“
917 1024 1095 1093 Heyn.
1164 1024 1352 1093 Wagn.
1390 1030 1487 1079 aut
1525 1027 1779 1094 corrupta
1815 1025 1948 1080 haec
1981 1029 2186 1089 censet,
2239 1027 2336 1079 sut
2375 1026 2456 1079 ita
2587 1025 2816 1090 licanda,
2855 1030 2921 1080 ut

583 1095 745 1147 verba
777 1094 874 1145 sub
908 1093 1015 1146 vite
1054 1091 1354 1161 significent
1388 1095 1550 1162 caput
1588 1109 1779 1147 corona
1812 1094 1958 1148 vitea
1991 1093 2317 1156 redimitum,
2392 1109 2511 1147 uem
2643 1092 2803 1148 odum
2831 1110 2918 1148 ca·

583 1160 717 1231 ptivi
753 1161 868 1213 sub
912 1175 1145 1214 corona
1191 1160 1345 1213 vendi
1391 1160 1722 1215 dicebantur.
1794 1161 1947 1215 Hanc
1983 1162 2234 1229 Wagneri
2276 1178 2374 1241 exp
2402 1160 2680 1215 'ostionem
2735 1165 2916 1231 (quam

585 1227 779 1297 repetit
813 1228 867 1281 in
902 1226 1030 1281 edit.
1069 1228 1193 1281 min.
1234 1226 1353 1280 coll.
1389 1227 1503 1281 loco
1539 1227 1739 1282 Culicis
1776 1246 1823 1283 v.
1853 1233 1932 1283 74,
1972 1229 2127 1282 illum
2163 1229 2383 1283 Tmolza
2410 1230 2709 1299 pampineo
2741 1230 2922 1283 subter

583 1313 740 1349 coma
772 1296 919 1349 velat
951 1295 1168 1360 ama-tu,
1209 1294 1245 1346 i.
1274 1310 1321 1348 e.
1361 1295 1507 1349 velat
1541 1312 1734 1349 corona
1767 1298 1930 1356 vitea,
1972 1296 2122 1350 cuius
2158 1295 2374 1350 frondes
2419 1295 2741 1366 dependent)
2778 1296 2917 1350 mul-

583 1365 761 1417 torum
796 1363 1041 1444 plausum
1078 1363 1311 1416 latui-sm
1351 1379 1481 1420 esse.
1520 1363 1864 1418 vehementer
1900 1363 2106 1418 dubito.
2177 1364 2366 1418 Nonne
2403 1362 2641 1431 cogitare
2686 1363 2814 1417 licet
2855 1364 2920 1419 de

583 1430 771 1484 salicto
805 1448 859 1484 m
900 1430 1167 1484 radicibus
1202 1429 1355 1484 collis
1390 1431 1589 1484 vitibus
1638 1431 1829 1484 consiti
1874 1432 2102 1485 innato?
2167 1432 2255 1486 Ita
2297 1431 2513 1501 quidem
2551 1430 2692 1485 inter
2729 1430 2922 1485 salices

582 1499 962 1579 recubantibus
996 1497 1272 1577 imminere
1346 1504 1537 1577 ossunt
1561 1499 1949 1579 propendentes
1973 1500 2164 1580 vitium
2189 1515 2310 1569 pam
2351 1499 2440 1552 ini.
2513 1497 2770 1553 Consulto
2797 1514 2921 1552 vero

581 1582 932 1694 ”331.¹;;{⁵¹v¹?
953 1565 1501 1700 ffsshss‘ii'ssmsaissiiffi
1537 1567 2225 1698 fflsswg..}?¹vssl¹.a²3
2259 1569 2922 1703 3¹..i’50f21331‚033·3?⁸3{

623 1701 806 1755 'versis
841 1699 973 1755 locis
1017 1717 1311 1755 sermonem
1356 1717 1472 1755 esse
1513 1705 1689 1764 ratus,
1729 1702 1952 1756 Comma
1990 1703 2172 1773 posuit
2214 1706 2339 1771 post
2380 1701 2595 1763 salices,
2647 1705 2712 1755 ut
2757 1702 2920 1756 etiam

582 1786 751 1838 nuper
785 1768 1014 1830 Ladew.,
1052 1769 1199 1822 cuius
1236 1768 1580 1837 explicationi
1624 1771 1805 1837 „inter
1836 1772 2051 1836 salices,
2092 1771 2137 1823 si
2174 1773 2376 1839 pastor,
2414 1769 2515 1822 sub
2548 1769 2670 1836 vite,
2708 1769 2752 1822 si
2788 1769 2921 1823 vini·

580 1841 667 1891 tor
701 1843 930 1896 essem“,
971 1852 1130 1916 quain
1164 1854 1213 1890 v.
1238 1841 1318 1889 36.
1358 1837 1528 1891 iuvari
1566 1839 1763 1901 censet,
1801 1838 1987 1892 obstat
2022 1839 2303 1892 verborum
2338 1836 2638 1891 coniunctio
2674 1837 2787 1891 sine
2821 1837 2923 1890 Co-

618 1903 711 1959 ula
743 1904 829 1959 vel
864 1903 1141 1957 Particula
1176 1904 1518 1958 disiunctiva.
1588 1905 1764 1972 Magis
1803 1905 2031 1969 arridet,
2088 1906 2130 1959 si
2171 1904 2299 1975 quid
2335 1905 2548 1958 omnino
2582 1903 2918 1968 mutandum,

581 1922 655 2027 fo.
691 1971 974 2026 Schraderi
1011 1971 1313 2026 coniectura
1347 1973 1490 2025 inter
1523 1972 1748 2040 calices,
1805 1974 1841 2025 i.
1883 1989 1927 2027 e.
1973 1973 2116 2027 inter
2156 1973 2478 2052 potandum,
2540 1987 2702 2041 quam
2756 1972 2920 2026 etiam

580 2040 768 2109 Wagn.
807 2040 862 2093 in
898 2039 1169 2093 recentiss.
1213 2039 1336 2093 edit.
1374 2056 1473 2094 sua
1506 2039 1782 2109 amplexus
1817 2043 1926 2100 est,
1964 2044 2200 2094 auctoris
2233 2040 2446 2093 nomine
2481 2055 2588 2092 non
2623 2039 2831 2094 adiecto
2867 2042 2924 2094 et

583 2108 702 2162 coll.
740 2108 864 2163 Geo.
903 2106 975 2166 ΙΙ,
1013 2110 1107 2159 527
1144 2125 1278 2176 sqq„
1318 2108 1403 2160 cui
1437 2107 1634 2162 addere
1668 2110 1885 2176 poterat
1921 2108 2048 2161 Hor.
2087 2107 2184 2163 Od.
2222 2107 2266 2169 1,
2305 2109 2387 2170 38,
2428 2111 2473 2160 7.
2508 2109 2607 2161 snb
2640 2117 2764 2161 arta
2804 2107 2926 2161 Vite

580 2176 836 2230 bibentem
873 2190 907 2228 a
939 2175 1269 2244 Coningtone
1315 2177 1708 2244 comparatum,
1760 2175 1854 2245 qui
1891 2180 2074 2230 tamen
2109 2190 2318 2229 mecum
2352 2175 2567 2228 videtur
2604 2175 2920 2229 consentire.

581 2275 647 2285 --
680 2244 955 2309 iaceret,
996 2243 1108 2298 scil.
1146 2259 1306 2323 quam
1342 2246 1439 2297 sut
1508 2259 1631 2297 uem
1665 2259 1801 2302 amo,
1843 2242 2065 2297 deliciae
2101 2259 2264 2298 meae.
2293 2274 2360 2283 —
2394 2242 2648 2298 Ribbeck.
2687 2243 2923 2311 suspica*

583 2315 674 2365 tur
707 2312 831 2381 post
866 2326 918 2362 v.
959 2314 1044 2363 41.
1094 2310 1327 2380 aliquem
1365 2311 1479 2365 exci
1520 2311 1530 2322 '
1566 2327 1645 2374 se,
1738 2311 1795 2364 ui
1834 2312 2064 2366 fortasse
2100 2311 2188 2364 hic
2222 2309 2439 2364 fuisset:
2503 2311 2552 2364 Ο
2587 2312 2796 2364 minam
2832 2312 2922 2364 hic

574 2379 763 2451 potius
795 2385 904 2432 tute
942 2394 1079 2430 esses
1123 2379 1272 2448 apsa,
1310 2378 1524 2447 Lyn-ori
1569 2381 1667 2432 aut
1793 2380 2008 2432 utinam
2040 2380 2130 2432 hic
2162 2386 2299 2431 esset
2328 2380 2517 2448 potiit-5
2558 2396 2761 2432 mecum
2798 2379 2924 2449 ipsa

583 2445 834 2517 Iqscoris.
890 2444 994 2510 (Cf.
1022 2444 1163 2499 idem
1185 2446 1240 2499 in
1265 2445 1418 2500 Iahn.
1445 2446 1638 2500 Annal.
1701 2446 1798 2500 hil.
1839 2447 2053 2501 LXXV.
2085 2464 2136 2515 p.
2164 2450 2275 2508 70.;
2317 2445 2412 2499 sed
2438 2445 2560 2500 vide
2583 2445 2922 2500 Gebauerum

581 2513 648 2570 de
686 2516 829 2583 poet.
869 2513 917 2567 1.
958 2531 1012 2582 p.
1056 2517 1190 2567 121.)
1228 2545 1294 2554 --
1349 2511 1444 2573 42.
1482 2511 1576 2575 43.
1624 2553 1656 2578 ‚,
1718 2516 1876 2569 utata
1911 2516 2150 2569 suaviter
2186 2515 2513 2568 constructio
2550 2530 2646 2584 pro
2681 2513 2920 2583 vulgari:

580 2583 668 2637 hic
704 2583 759 2635 in
799 2583 1015 2649 regione
1054 2583 1429 2636 amoenissima
1462 2598 1585 2636 cum
1621 2584 1830 2645 amata,
1921 2583 2063 2637 ualis
2102 2582 2317 2651 Lycoris
2331 2623 2343 2645 ,
2400 2583 2662 2651 exigerem
2713 2600 2921 2649 aevuni,

581 2650 638 2705 h.
674 2666 721 2704 e.
766 2652 1003 2703 aetatem
1047 2653 1220 2703 totam
1263 2648 1395 2703 mihi
1444 2649 1832 2704 destinatam.“
1973 2653 2106 2704 und.
2151 2680 2216 2688 —
2262 2650 2480 2719 yelidi
2527 2652 2765 2715 fontes.
2836 2650 2922 2704 cf.

583 2718 819 2786 Theogn.
852 2720 1000 2770 1252.
1018 2714 1199 2801 ἱκρήνη
1226 2729 1273 2785 ψ
1344 2717 1430 2800 ρὴ.
1456 2717 1529 2772 id.
1558 2720 1676 2771 882.
1702 2719 1759 2771 et
1782 2717 2006 2772 Theocr.
2033 2718 2095 2777 V,
2119 2722 2203 2772 33.
2246 2726 2329 2782 (ex
2360 2733 2465 2787 quo
2490 2716 2607 2770 loco
2632 2721 2814 2771 noster
2836 2733 2922 2771 ex-

584 2788 901 2922 ῗὲῗ“ἓῖ,ἳζέἒ’
906 2803 1084 2931 ῗῖθῗέζ,
1102 2785 1364 2907 5320...
1374 2802 1418 2840 ⁰·
1430 2784 2200 2923 {21320333292334233221932
2231 2785 2330 2932 ἐξ]
2352 2783 2920 2921 ἐῗὲὲιέἕέἓφωωμῑ

625 2961 640 2975 .
679 2923 728 2974 6.
774 2951 841 2960 --
888 2920 1125 2974 mollia
1207 2929 1384 2988 rata,
1483 2922 1675 2972 αλακοὶ
1723 2923 1994 2991 λειμῶνες
2036 2920 2254 2974 Homeri
2291 2919 2392 2975 od.
2433 2920 2507 2984 V,
2548 2923 2630 2972 72.
2684 2919 2757 2984 Χ,
2802 2923 2919 2975 133.

641 3028 654 3042 .
690 2988 747 3042 in
780 2987 914 3041 Pan.
952 2989 1035 3040 25.
1076 2992 1133 3041 et
1222 2988 1387 3043 esiodi
1469 2987 1523 3041 h.
1560 2989 1677 3042 279.
1719 2987 1802 3041 Cf.
1842 2987 1972 3043 Geo.
2009 2988 2080 3051 Π,
2119 2991 2232 3041 384.
2268 2987 2370 3052 111,
2413 2989 2532 3041 520.
2568 2986 2724 3042 Ovid.
2762 2987 2829 3042 A.
2854 2988 2920 3042 A.

584 3057 631 3119 I,
670 3058 788 3109 279.
829 3054 1086 3135 Calpurn.
1121 3055 1185 3113 V.
1234 3060 1312 3110 15.
1353 3059 1483 3110 cett.
1523 3058 1579 3109 et
1615 3054 1827 3109 adnott.
1863 3053 1934 3109 ad
1969 3055 2081 3108 Ecl.
2116 3055 2222 3115 III,
2259 3060 2342 3109 55.
2380 3058 2438 3109 et
2469 3055 2565 3119 VI,
2606 3059 2688 3108 53.
2728 3087 2794 3097 —
2827 3052 2920 3115 43.

584 3141 772 3191 aevo,
810 3122 899 3176 hic
937 3139 973 3175 i.
1047 3167 1057 3177 .
1099 3126 1390 3187 senectute,
1428 3138 1755 3192 quamquam
1827 3139 1883 3176 er
1920 3139 1976 3177 se
2010 3140 2199 3176 aevum
2236 3123 2449 3177 omnino
2488 3125 2574 3176 est
2607 3122 2750 3176 vitae
2785 3127 2923 3177 tem·

621 3208 705 3252 us,
742 3194 912 3245 aetas.
983 3189 1027 3244 C
1057 3231 1069 3243 .
1105 3194 1236 3245 Aen.
1273 3191 1345 3250 Π,
1373 3195 1491 3245 435.
1520 3195 1639 3244 509.
1679 3189 1755 3243 VI
1817 3231 1830 3253 ,
1859 3194 1976 3243 307.
2012 3191 2108 3253 XI,
2136 3193 2219 3245 85.
2260 3189 2415 3245 Ovid.
2456 3191 2588 3244 Met.
2627 3190 2777 3253 VIII,
2802 3194 2920 3245 718.

583 3210 756 3329 hoyn.
795 3264 1072 3327 comparat
1105 3259 1333 3312 similem
1375 3257 1577 3312 Tibulli
1608 3257 1785 3311 locum
1820 3258 1923 3312 111.
1965 3262 2013 3320 3,
2057 3262 2105 3312 8.
2152 3258 2325 3329 Inque
2355 3265 2446 3311 tuo
2483 3259 2703 3311 caderet
2732 3266 2925 3312 nostra

583 3334 795 3382 senecta
828 3327 970 3379 sinu.
1006 3357 1072 3366 —
1106 3324 1201 3384 44.
1239 3326 1453 3380 Servius
1488 3326 1632 3379 hunc
1667 3329 1723 3379 et
1757 3329 2044 3394 sequentes
2079 3328 2096 3387 (⁹
2138 3326 2400 3396 uinque?)
2436 3340 2620 3379 versus
2656 3342 2717 3380 ex
2754 3327 2923 3394 ipsius

585 3394 731 3451 Galli
765 3393 1000 3447 carmine
1034 3393 1331 3448 translatos
1366 3411 1481 3448 esse
1515 3394 1699 3447 refert.
1771 3392 1843 3445 Et
1893 3409 2022 3448 sane
2068 3411 2103 3464 p
2128 3410 2228 3447 ura
2273 3395 2330 3447 iii
2364 3392 2464 3447 hoc
2506 3393 2621 3446 loco
2659 3409 2721 3447 ex
2754 3394 2924 3462 ipsius

586 3461 729 3518 Galli
777 3460 1010 3516 carmine
1057 3460 1376 3531 deprompta
1412 3477 1555 3522 esse,
1603 3459 1838 3513 dubitari
1887 3477 1993 3514 non
2035 3464 2233 3531 potest.
2306 3460 2406 3525 Qui
2442 3463 2624 3515 tamen
2660 3466 2759 3515 aut
2793 3466 2924 3530 quot

586 3545 772 3584 versus
811 3526 969 3583 Gallo
1005 3528 1317 3589 debeantur,
1353 3545 1507 3583 nemo
1546 3527 1704 3582 facile
1739 3528 1961 3592 dixerit3
2001 3545 2137 3597 quae
2171 3529 2336 3583 etiam
2362 3528 2555 3597 Heynii
2592 3531 2678 3582 est
2711 3534 2924 3583 senten-

587 3598 685 3652 tia.
721 3627 787 3637 —
824 3596 1018 3665 Heyn„
1056 3597 1336 3651 immemor
1368 3613 1568 3659 eorum,
1641 3611 1741 3649 uae
1776 3595 1843 3650 ad
1885 3613 1937 3649 v.
1977 3599 2058 3650 35.
2093 3596 2470 3657 adnotaverat,
2527 3612 2590 3650 ex
2623 3596 2925 3651 Heumanni

589 3665 919 3727 coniectura,
970 3669 1034 3717 ut
1068 3664 1213 3725 aliis.
1259 3666 1340 3718 its
1381 3665 1547 3719 etism
1649 3663 1907 3718 akefieldo
1955 3665 2208 3734 probata,
2255 3664 2427 3718 edidit
2471 3681 2654 3736 amor
2678 3693 2701 3706 -
2727 3694 2750 3706 -
2774 3672 2832 3718 te
2855 3695 2878 3706 -
2902 3694 2925 3705 -

587 3732 864 3795 detinet,
918 3735 983 3785 ut
1022 3730 1093 3786 ad
1125 3732 1436 3801 Lycoridem
1481 3732 1613 3786 haec
1657 3749 1682 3784 s
1721 3734 1925 3794 ectent,
1977 3732 2032 3786 in
2079 3736 2259 3786 casti-a
2302 3736 2598 3786 amatorem
2654 3735 2921 3796 secutam;

586 3816 710 3855 cuni
749 3798 916 3853 Codd.
951 3798 1178 3854 lectione
1219 3818 1300 3853 me
1334 3802 1574 3862 retenta,
1612 3798 1659 3853 G
1737 3816 1802 3853 us
1846 3815 2027 3853 amore
2070 3800 2304 3869 flagrans
2352 3800 2407 3853 in
2455 3799 2639 3869 aliqua
2680 3805 2925 3855 versetur

589 3886 618 3923 e
691 3865 938 3927 editione,
977 3866 1115 3936 quod
1149 3867 1383 3923 alienum
1419 3869 1492 3921 sit
1526 3868 1595 3921 ab
1632 3883 1718 3928 eo,
1770 3867 1863 3937 qui
1907 3868 2048 3921 inter
2091 3872 2336 3937 pastores
2381 3866 2623 3922 desidere
2664 3866 2919 3937 fingatur.

590 3885 697 4015 (ἑξ.
726 3934 899 4014 etiam
935 3934 1287 4014 Peerlkampii
1331 3936 1637 3990 coniectura
1679 3934 1822 3988 infra
1857 3934 1925 4014 ad
1962 3950 2011 3989 v.
2048 3940 2132 3988 46.
2177 3938 2632 4015 commemorata.)
2701 3935 2804 3991 Sed
2842 3952 2923 3990 re·

591 4007 828 4059 ctissime
865 4003 1029 4056 ceteri
1063 4001 1292 4057 editores
1337 4020 1518 4057 omnes
1553 4001 1718 4056 Codd.
1770 4002 2054 4056 lectionem
2100 4006 2462 4063 retinuerunt,
2510 4019 2630 4057 cum
2666 4002 2768 4057 hac
2803 4019 2923 4057 seii·

591 4071 788 4126 tentia:
833 4068 1080 4132 „vellem
1118 4086 1203 4124 me
1237 4087 1352 4125 esse
1386 4074 1680 4142 pastorem,
1720 4071 1775 4124 te
1812 4071 2047 4138 pastoris
2089 4071 2315 4126 alicuius
2351 4071 2543 4125 filiam:
2589 4074 2650 4124 at
2686 4074 2748 4125 tu
2781 4070 2923 4125 mili·

590 4142 700 4194 tem
746 4136 1021 4206 sequeris“
1066 4138 1237 4191 omnis
1278 4138 1381 4192 loci
1430 4137 1759 4193 concinnitas
1810 4136 2057 4192 tollatur.
2127 4138 2326 4193 Sensus
2367 4137 2551 4208 potius
2591 4138 2679 4193 hic
2725 4142 2833 4194 est:
2876 4137 2921 4195 O

591 4220 751 4277 quam
789 4203 1002 4265 vellem,
1035 4206 1101 4258 ut
1131 4221 1231 4274 ego
1272 4222 1443 4259 essem
1479 4221 1620 4260 unus
1656 4220 1685 4257 e
1720 4204 2029 4273 pastoribus
2063 4205 2337 4260 Arcadicis
2374 4220 2446 4271 (v.
2482 4208 2605 4267 35.i,
2642 4210 2705 4259 tu
2740 4210 2921 4261 autem

591 4272 825 4343 pastoris
863 4270 1003 4336 filia3
1050 4274 1169 4326 tum
1204 4273 1345 4327 enim
1390 4277 1453 4326 tii
1499 4289 1708 4341 semper
1756 4288 1964 4326 mecum
2009 4273 2195 4328 futura
2241 4274 2437 4328 fuisses
2483 4280 2554 4341 (v.
2593 4276 2700 4327 43.)
2751 4276 2809 4328 et
2860 4289 2922 4329 ex

590 4341 731 4396 ruris
766 4339 1177 4403 amoenitatibus
1210 4340 1503 4411 plurimum
1537 4339 1879 4394 amoenitatis
1915 4357 1978 4395 ca
2016 4345 2165 4404 tura;
2207 4358 2348 4395 nunc
2380 4357 2505 4395 vero
2541 4343 2596 4394 et
2621 4343 2734 4411 ipse
2760 4341 2921 4395 duros

591 4407 784 4462 Martis
818 4407 1026 4461 labores
1063 4409 1208 4476 sequi
1249 4412 1464 4462 coactus
1500 4425 1619 4462 sum
1657 4409 1715 4460 et
1748 4410 1811 4460 tu
1887 4425 1944 4462 ro
2016 4409 2120 4464 ulci
2162 4426 2285 4463 rure
2312 4407 2529 4463 horrida
2552 4414 2729 4464 castra
2753 4424 2920 4463 amas.

592 4475 793 4529 Verum
831 4474 1044 4545 quidem
1078 4480 1179 4537 est,
1219 4477 1379 4530 antea
1413 4478 1627 4544 poetam
1664 4473 1728 4527 de
1766 4474 1849 4528 Ga
1897 4492 1926 4528 o
1966 4477 2046 4530 ita
2077 4477 2241 4557 loqui,
2278 4492 2341 4531 ac
2375 4477 2422 4529 si
2455 4475 2549 4531 ille
2579 4476 2718 4530 inter
2741 4480 2921 4545 pasto·

593 4557 680 4596 res
719 4542 1003 4597 Arcadicos
1039 4548 1347 4597 versaretur
1396 4556 1467 4603 (v.
1509 4546 1637 4603 143,
1684 4556 1788 4594 non
1834 4543 1888 4594 in
1925 4544 2257 4613 expeditione
2296 4543 2516 4605 bellica:
2568 4545 2661 4597 sed
2710 4543 2922 4597 omnino

591 4608 649 4662 in
686 4611 801 4662 toto
840 4610 1072 4665 carmine
1105 4610 1282 4665 omnia
1321 4615 1436 4664 tam
1474 4610 1606 4663 mire
1646 4609 1966 4673 miscentur,
2012 4628 2097 4666 res
2133 4611 2381 4675 Italicae,
2420 4612 2733 4675 Arcadicae,
2771 4612 2920 4668 Sicu-
