3616 5026
540 228 664 292 238
1234 221 1308 288 P.
1349 217 1722 288 VERGILI
1761 217 2162 287 MARONIS

540 390 677 456 Fas
722 399 785 455 et
825 390 975 454 iura
1018 389 1262 454 sinunt:
1305 389 1487 455 rivos
1529 387 1852 454 deducere
1892 386 2075 453 nulla
2750 458 2764 469 ‚

539 472 683 538 Reli
735 474 794 537 'o
837 473 1064 553 vetuit,
1110 473 1313 557 segeti
1351 471 1787 571 praetendere
1832 493 2117 559 saepem,
2789 483 2890 534 270

542 496 831 621 Insidias
880 553 1110 620 avibus
1155 553 1389 638 moliri,
1434 555 1782 620 incendere
1822 577 2080 642 vepres,

541 638 1019 726 Balantumque
1061 660 1324 724 gregem
1369 639 1568 705 fluvio
1612 660 1903 705 mersare
1943 637 2209 703 salubri.

541 838 702 917 plura
748 853 911 908 opera
954 837 1221 906 suscipere
1273 836 1340 890 iis
1390 835 1568 891 liceat.
1648 836 1885 890 Similem
1935 835 2330 890 sententiarum
2372 849 2569 889 nexum
2611 848 2706 904 per
2752 833 2893 887 enim

544 922 654 960 iani
688 921 855 976 supra
889 904 1122 959 vidimus
1157 921 1207 958 v.
1244 908 1324 956 77.
1364 937 1429 945 —
1462 905 1682 965 Locum,
1722 904 1814 974 qui
1851 903 2118 973 sequitur.
2157 902 2346 957 laudat
2384 906 2439 957 et
2474 901 2739 971 copiosius
2773 917 2891 971 per-

541 974 786 1043 sequitur
812 973 1023 1028 Colum.
1051 972 1123 1027 11.
1151 975 1208 1025 21
1241 975 1369 1033 (22),
1406 977 1472 1033 1.,
1496 972 1713 1040 longum
1738 987 2035 1041 proponens
2051 970 2284 1025 indicem
2307 985 2528 1038 opernm
2551 970 2890 1031 rusticorum,

541 1057 696 1110 quae,
734 1056 859 1095 cum
895 1039 1070 1094 dilata
1103 1055 1362 1109 magnum
1501 1040 1649 1093 'colis
1687 1039 2078 1094 detrimentum
2111 1039 2301 1093 afferre
2337 1037 2574 1107 possint,
2613 1036 2776 1090 etiam
2814 1036 2893 1090 fe·

540 1109 641 1162 stis
688 1108 877 1162 diebus
925 1108 1041 1162 fieri
1088 1106 1392 1162 sacerdotes
1517 1123 1795 1161 manorum
1839 1107 2178 1177 permittant.
2257 1105 2340 1160 Cf.
2385 1105 2552 1158 etiam
2596 1102 2669 1157 id.
2704 1103 2800 1167 XI,
2845 1108 2889 1168 1,

541 1179 606 1230 20
647 1192 728 1246 sq.
769 1178 827 1231 et
849 1175 1042 1231 Moret.
1079 1191 1128 1229 v.
1170 1179 1234 1228 67
1276 1191 1355 1244 sq.
1396 1206 1465 1215 -
1499 1172 1632 1235 269.
1678 1175 1814 1228 Fae
1847 1183 1908 1227 et
1941 1176 2129 1241 iura,
2171 1174 2224 1228 h.
2267 1190 2310 1228 e.
2348 1172 2531 1227 divina
2554 1170 2894 1250 humanaque

541 1244 677 1305 iura.
717 1246 780 1297 ut
818 1243 928 1298 iam
963 1243 1112 1297 Serv.
1152 1243 1475 1297 observavit.
1544 1241 1725 1296 Verba
1757 1242 1894 1295 Fas
1928 1248 1988 1296 et
2033 1242 2188 1295 iura
2219 1242 2451 1295 sinunt
2484 1240 2804 1308 repetuntur
2836 1255 2892 1291 m

447 1310 451 1314 “
539 1309 709 1365 Anth.
737 1311 861 1365 Lat.
886 1311 1071 1365 Burm.
1099 1311 1144 1371 Ι,
1180 1315 1290 1373 172,
1323 1315 1407 1364 65.
1446 1343 1498 1351 -
1540 1311 1747 1364 nulla
1778 1309 2058 1377 reli9i0‚
2095 1309 2399 1379 scrupulus,
2437 1312 2618 1362 metus
2637 1304 2893 1376 peccandi

545 1382 603 1433 et
639 1378 767 1433 deos
807 1378 1111 1432 offendendi
1150 1379 1427 1500 (rwe
1461 1377 1956 1440 Bedenklaehlceit),
1994 1392 2321 1447 quamquam
2359 1376 2523 1431 etiam
2564 1373 2632 1428 de
2657 1372 2894 1453 definitis

543 1446 862 1515 pontificum
895 1445 1200 1500 interdictis
1238 1452 1253 1503 (
1381 1446 1756 1513 'qiomvorhotx
1792 1446 2030 1512 cogitare
2066 1459 2368 1514 possumus.
2438 1443 2520 1497 Cf.
2559 1443 2742 1496 Ameis
2775 1439 2812 1493 S
2849 1456 2895 1493 1-

541 1513 628 1567 cil.
664 1529 717 1584 p.
760 1517 858 1577 19..
896 1514 987 1583 qui
1026 1513 1283 1583 explicat:
1330 1513 1465 1575 „re‘
1511 1512 1576 1575 '0‚
1615 1528 1752 1583 quae
1786 1530 1883 1582 per
1917 1512 2138 1567 deorum
2173 1512 2381 1566 cultum
2406 1510 2732 1581 praecipitur
2751 1520 2774 1588 3
2838 1524 2893 1560 e·

539 1580 996 1649 liqt'omyesetz.l“
1021 1612 1088 1621 —-
1117 1582 1353 1643 vetuit,
1503 1596 1567 1634 uc
1592 1595 1888 1649 numquam
1913 1579 2107 1642 vetuit,
2142 1594 2316 1649 neque
2363 1594 2506 1633 nunc
2541 1580 2709 1640 vetat,
2749 1575 2893 1630 ideo-

576 1663 645 1702 ue
681 1664 788 1702 non
823 1648 965 1703 solet
998 1651 1198 1709 vetare,
1235 1652 1302 1703 ut
1335 1664 1499 1728 supra
1532 1664 1585 1703 v.
1618 1652 1702 1702 49.
1742 1678 1810 1688 -
1850 1650 2039 1702 rivos
2072 1648 2423 1701 deducere.
2472 1643 2681 1713 „Quod
2710 1651 2889 1698 autem

593 1715 822 1785 emilius
856 1718 941 1769 ait
973 1717 1325 1777 deducere,
1364 1715 1510 1770 mhil
1531 1717 1697 1770 aliud
1715 1724 1807 1779 est,
1837 1733 2004 1784 quam
2026 1718 2335 1783 deterqere;
2367 1712 2677 1781 naonseetis
2700 1710 2894 1765 diebus

539 1783 696 1837 rivos
726 1790 931 1837 veteres
973 1784 1302 1838 sordidatos
1333 1785 1485 1837 dete-r
1519 1800 1608 1838 ere
1642 1784 1794 1851 licet,
1843 1800 2017 1837 novos
2099 1799 2259 1836 acere
2293 1799 2406 1835 uon
2442 1782 2585 1835 licet.
2654 1778 2745 1833 Ita
2775 1778 2894 1832 Ma-

542 1851 684 1905 crob.
719 1850 832 1905 Sat.
874 1850 988 1913 111,
1030 1854 1078 1906 3.
1149 1850 1434 1907 Consentit
1542 1851 1675 1906 lum.
1711 1851 1794 1911 11.
1835 1853 1919 1913 22,
1959 1853 2009 1904 3.
2102 1851 2250 1903 ictam
2282 1849 2506 1903 deducit
2538 1863 2602 1902 ac
2636 1846 2794 1900 ducit
2825 1847 2889 1909 is,

543 1918 635 1988 qui
671 1934 868 1989 aquam
905 1935 966 1972 ex
1001 1919 1115 1972 rivo
1150 1918 1239 1973 vel
1271 1918 1394 1973 lacu
1428 1935 1524 1988 per
1557 1923 1717 1989 prata
1748 1917 2029 1987 irriganda
2063 1918 2232 1971 ducit.
2283 1917 2437 1971 Satis
2463 1916 2699 1984 fluvimn
2732 1915 2894 1967 indu·

542 1987 621 2040 cit
651 1986 913 2057 rivosque
946 1995 1219 2065 sequentes
1254 2003 1418 2057 supra
1450 2003 1501 2041 v.
1544 1991 1653 2040 1013.
1690 1987 1914 2041 dixerat.
1954 1987 2269 2039 Deducimr
2294 1985 2460 2039 etiam
2485 1985 2631 2037 rivus
2657 1998 2706 2061 s.
2732 1997 2890 2052 aqua,

544 2069 666 2107 cum
700 2055 846 2108 fossa
881 2057 1205 2108 exsiccatur:
1257 2058 1321 2108 ut
1363 2055 1621 2109 collectus
1665 2055 1860 2107 humor
1908 2056 2093 2123 (supra
2130 2069 2177 2106 v.
2222 2056 2357 2119 114.)
2397 2067 2521 2106 cum
2556 2049 2802 2104 educitur
2837 2052 2894 2103 et

543 2121 827 2177 emittitur.
900 2121 978 2176 Ut
1019 2120 1077 2174 in
1122 2122 1451 2176 sententiam
1504 2122 1759 2177 Macrobii
1813 2121 2019 2176 dictum
2067 2121 2166 2182 sit,
2211 2120 2278 2174 de
2328 2135 2472 2189 aqua
2522 2117 2892 2187 cogitandum,

579 2204 695 2244 uae.
732 2192 798 2243 ut
835 2205 932 2258 per
965 2194 1182 2258 pratum
1219 2189 1533 2248 deducatur.
1572 2206 1639 2243 ne
1660 2190 1748 2242 via
1767 2188 2166 2258 praecludatur.
2200 2186 2449 2242 sordibus
2479 2183 2764 2255 purganda
2789 2189 2891 2238 est.

543 2205 627 2311 gf.
672 2246 816 2312 Serv.
861 2255 930 2311 ad
974 2272 1022 2309 V.
1073 2261 1225 2310 172.“
1262 2258 1440 2326 Heyn.
1487 2257 1739 2311 Ceterum
1774 2260 2045 2325 receptam
2085 2255 2368 2310 lectionem
2404 2255 2675 2308 deducere
2717 2254 2894 2317 (fort-

543 2325 725 2381 lee'ten)
772 2326 962 2378 contra
1005 2323 1232 2378 alteram
1281 2326 1457 2379 minus
1503 2327 1691 2404 aptam
1732 2325 1997 2379 deducere
2033 2324 2111 2391 (in
2159 2323 2340 2392 plures
2375 2321 2578 2375 rivulos
2614 2318 2891 2387 dividere),

545 2392 629 2445 cui
662 2396 846 2445 tamen
886 2393 1261 2460 patrocinatur
1294 2392 1512 2447 Bossler
1542 2408 1599 2445 ιιι
1639 2391 1836 2446 Philol.
1873 2390 2017 2446 XXI.
2063 2409 2114 2461 p.
2165 2396 2296 2453 159..
2343 2394 2535 2444 tuetur
2569 2388 2892 2457 optimorum

545 2457 711 2513 Codd.
749 2463 969 2529 praeter
1003 2459 1146 2513 Med.
1183 2460 1493 2515 auctoritas.
1564 2459 1683 2515 Vid.
1738 2460 1882 2515 infra
1939 2458 2007 2512 ad
2066 2475 2117 2512 v.
2180 2461 2294 2512 283.
2359 2489 2426 2498 -·
2488 2453 2617 2516 270.
2686 2455 2901 2523 seqeti

535 2529 1280 2660 {Jnffiitigngolffiulwfff
1315 2544 1434 2582 cum
1493 2527 2041 2663 meff’oss‘ffi'tione
2084 2523 2755 2657 Qteffigenssssm‘fssffff
2811 2538 2902 2643 {Z

1011 2639 1020 2649 .
1089 2640 1098 2650 .
1167 2640 1176 2649 .
1270 2595 1466 2657 Quam
1555 2614 1609 2649 m
1790 2613 1811 2649 ι
1884 2611 1939 2647 ee
2184 2633 2196 2654 ‚
2250 2612 2278 2646 e
2344 2611 2373 2645 e

545 2663 777 2725 dehere),
840 2661 1074 2716 Macrob.
1124 2663 1236 2717 Sat.
1289 2663 1388 2722 HJ,
1443 2614 1554 2717 {m
1546 2665 1602 2717 et
1650 2663 1794 2717 Seru
1854 2661 1923 2717 ad
1981 2611 2104 2716 limi.
2141 2611 2347 2731 paritz
2379 2675 2545 2714 novas
2593 2674 2686 2713 sae
2722 2608 2897 2713 θερία-

546 2744 663 2783 cere
702 2728 858 2783 festis
893 2728 1083 2783 diebus
1119 2747 1222 2783 non
1259 2730 1414 2784 licuit
1450 2730 1693 2792 rusticis;
1730 2733 1940 2785 veteres
1974 2730 2188 2784 reficere
2214 2735 2272 2782 et
2295 2743 2545 2798 reparare
2567 2725 2675 2780 hau
2735 2725 2898 2780 dubie

544 2796 715 2851 licuit.
786 2795 1116 2866 Conington.
1173 2798 1273 2852 Kei
1311 2797 1541 2852 htleium
1577 2814 1784 2852 mecum
1822 2797 2122 2852 consentire
2155 2811 2475 2856 memorans,
2537 2796 2652 2863 ipse
2687 2793 2753 2848 de
2779 2807 2900 2847 mea

546 2880 577 2918 o
614 2864 788 2919 inione
826 2863 1063 2926 dubitat,
1100 2865 1248 2919 diffie
1310 2869 1485 2920 tatem
1519 2869 1701 2920 autem
1737 2864 1986 2934 expedire
2029 2881 2134 2918 non
2182 2867 2422 2918 conatur.
2461 2892 2528 2902 -—
2564 2859 2690 2921 271.
2729 2861 2899 2914 Insi-

595 2933 701 2986 ias
733 2932 972 2985 moliri
1007 2933 1240 2986 avibus
1276 2948 1379 2986 non
1418 2933 1523 2986 nisi
1559 2933 1625 2987 de
1660 2933 1851 2987 avibus
1887 2932 2171 3002 rapacibus
2207 2935 2263 2986 et
2298 2931 2472 2985 noxiis
2507 2929 2742 2997 intelligi
2776 2931 2901 2997 pot-

546 3001 656 3063 est,
717 2999 790 3078 de·
853 2999 1015 3053 uibus
1051 3015 1098 3054 v.
1143 3016 1188 3052 c.
1225 3016 1392 3069 supra
1435 3016 1484 3055 v.
1535 3004 1644 3054 119.
1697 3016 1873 3054 sermo
1921 3004 2068 3055 erat:
2111 3015 2239 3053 nam
2282 2998 2570 3077 aucupium
2613 2996 2900 3075 instituere

546 3066 703 3121 festis
738 3065 824 3120 die
864 3081 928 3120 us
969 3071 1088 3121 erat
1122 3068 1380 3125 vetitum:
1414 3068 1608 3121 moliri
1638 3071 1841 3131 autem,
1879 3068 2018 3136 quod
2062 3066 2274 3137 proprie
2309 3069 2396 3120 est
2433 3071 2636 3119 iactare
2662 3063 2786 3130 (vid.
2814 3062 2900 3116 in-

546 3136 633 3188 fra
665 3134 750 3189 ad.
788 3150 837 3188 r.
879 3137 1043 3199 329).
1098 3134 1293 3189 latiore
1332 3151 1493 3190 sensu
1531 3133 1730 3189 dicitur
1766 3136 1832 3188 de
1868 3136 2053 3205 quovis
2086 3139 2239 3188 motu
2275 3137 2331 3187 et
2366 3137 2579 3194 conatu,
2618 3131 2685 3185 de
2721 3131 2898 3185 cuius-

548 3217 652 3272 que
677 3201 851 3271 operis
890 3203 1246 3271 susceptione,
1287 3202 1552 3273 imprimis
1588 3218 1709 3257 cum
1745 3218 1854 3272 qua
1887 3205 2171 3257 coniuncta
2205 3205 2289 3256 est
2324 3201 2507 3270 aliqua
2541 3200 2734 3254 virium
2772 3214 2901 3252 con-

548 3269 739 3324 tentio.
809 3267 897 3322 Sic
949 3268 1093 3322 infra
1137 3286 1185 3324 v.
1236 3273 1353 3324 494.
1390 3271 1583 3324 moliri
1613 3278 1844 3332 terram,
1890 3271 2020 3325 Aen.
2066 3270 2117 3324 1.
2165 3272 2280 3322 424.
2332 3268 2527 3321 moliri
2566 3284 2750 3322 arcem
2792 3282 2821 3320 e
2883 3310 2895 3321 .

548 3365 612 3376 —
655 3337 1014 3391 incendere
1059 3352 1319 3406 vepres,
1379 3337 1466 3392 vel
1510 3337 1673 3392 etiam
1719 3337 1971 3393 recidere.
2043 3337 2124 3390 Cf.
2174 3338 2310 3390 Cato
2354 3336 2415 3390 Β..
2463 3335 2527 3388 Β..
2567 3340 2614 3389 2.
2664 3364 2726 3375 -
2764 3331 2896 3394 272.

549 3403 913 3458 Balantum
953 3419 1211 3472 qreyem
1256 3406 1663 3460 commemorari
1714 3410 1873 3474 puto,
1922 3405 2061 3474 quod
2106 3419 2230 3458 oves
2264 3403 2414 3458 intra
2449 3402 2742 3457 lavandum
2776 3417 2901 3455 con·

547 3471 763 3525 tinuum
808 3472 920 3525 fere
965 3470 1212 3526 balatum
1268 3470 1445 3526 solent
1488 3474 1658 3527 edere.
1730 3473 1906 3526 Simili
1948 3473 2156 3526 ratione
2191 3472 2356 3525 etiam
2403 3470 2551 3524 locus
2606 3469 2733 3524 Geo.
2795 3468 2898 3531 m,

547 3543 664 3593 457.
695 3540 807 3592 una
832 3539 1039 3593 dolor
1072 3541 1351 3592 balantum
1390 3542 1581 3610 lapsus
1616 3543 1698 3595 ad
1735 3558 1863 3595 ossa
1890 3539 2023 3594 Oum
2045 3540 2205 3609 furit
2238 3544 2340 3593 etc.
2367 3545 2425 3592 et
2451 3538 2605 3591 Lucr.
2629 3536 2720 3593 VI.
2752 3540 2897 3591 1130.

553 3607 703 3660 venit
724 3635 759 3688 .''
793 3635 817 3646 -
855 3607 1231 3686 etiam-piar&
1268 3608 1579 3686 balantibm
1615 3624 1888 3688 aem-oq,
1929 3606 2200 3688 iudi-candi
2235 3605 2513 3687 videptur;
2572 3619 2899 3685 quamquam

551 3673 2898 3819 iff‘tassiqffizffiffiuffieffimofflgssi5¹?LP3330513‘22232'33{f‘igvitreAisst

552 3808 732 3863 scabie
765 3808 1124 3863 laborantem.
1197 3808 1276 3882 Cf.
1315 3809 1441 3863 Geo.
1481 3810 1589 3870 ΠΙ,
1635 3816 1735 3864 440
1774 3827 1890 3881 sqq.
1935 3841 2002 3850 —·
2046 3809 2314 3863 salubri
2350 3808 2491 3862 enim
2526 3823 2631 3861 non
2668 3809 2754 3861 est
2788 3807 2899 3876 epi·

552 3874 742 3929 theton
780 3891 1005 3938 ornans3
1044 3892 1169 3929 nam
1208 3876 1440 3930 Macrob.
1478 3876 1589 3931 Sat.
1627 3877 1736 3940 ΙΙΙ,
1778 3883 1824 3933 3.
1864 3882 2024 3938 extr..
2070 3892 2228 3947 quem
2265 3876 2512 3945 argutari
2546 3875 2601 3928 in
2636 3873 2738 3928 hac
2771 3889 2900 3928 voce

556 3940 768 3997 adiecta
801 3945 1004 3997 temere
1041 3947 1221 3998 censet
1257 3944 1447 4012 Heyn.,
1484 3944 1628 3999 hunc
1661 3944 1839 4000 locum
1874 3945 2165 4015 respiciens
2209 3944 2421 3997 scribit:
2480 3941 2715 3997 cavetur
2759 3943 2902 3995 enim

555 4011 616 4062 iu
648 4010 771 4064 iure
802 4010 1118 4078 Pontificio,
1155 4018 1217 4062 ut
1239 4013 1413 4079 festas
1446 4013 1640 4066 aiebam
1668 4016 1999 4084 purgandae
2032 4013 2197 4067 mnae
2221 4013 2410 4079 qratia
2435 4010 2774 4064 ovealavare
2789 4027 2902 4063 uon

557 4078 724 4130 liceat
731 4095 754 4144 ‚-
791 4076 956 4131 liceat
989 4086 1192 4145 autema,
1226 4079 1281 4131 ei
1326 4081 1611 4134 curatione
1651 4083 1863 4135 scabies
1901 4082 2181 4135 abluenda
2221 4080 2294 4132 sit
2303 4099 2325 4146 ,·
2377 4078 2505 4132 ideo
2549 4079 2655 4132 hoc
2690 4093 2904 4147 quoque

557 4145 701 4198 inter
737 4160 998 4199 concessa
1017 4146 1325 4199 numeravit
1347 4148 1840 4217 Balantumque
1873 4165 2099 4216 qreqes
2129 4147 2358 4215 fluvio
2392 4161 2712 4213 mersare,·
2749 4147 2904 4214 quod

553 4211 608 4264 εἰ
635 4212 913 4282 ἠυσωφιε
948 4213 1202 4278 dicasset,
1260 4214 1417 4268 licita
1458 4223 1512 4269 et
1550 4216 1723 4269 vetita
1755 4219 2107 4283 confuderat,
2142 4216 2243 4267 sed
2278 4213 2600 4268 adiiciendo
2633 4230 2707 4266 sa
2722 4213 2906 4267 lubre·

555 4294 779 4332 canuam
813 4296 1101 4334 concessae
1133 4281 1433 4334 ablutionis
1469 4299 1498 4337 e
1609 4284 1769 4351 θεείῳ
1805 4287 1863 4338 et
1889 4284 2103 4338 Servius
2123 4281 2193 4335 ad
2230 4281 2282 4335 b.
2317 4281 2381 4336 l.:
2423 4280 2570 4334 Sane
2602 4282 2900 4344 sciendum,

554 4349 850 4400 secundnm
888 4346 1188 4402 Varronem
1225 4356 1416 4402 contra
1449 4368 1482 4402 r
1536 4353 1769 4419 wionem
1806 4369 1919 4406 esse
1951 4352 2039 4405 vel
2070 4351 2124 4403 si
2155 4350 2456 4419 τῆν-ἐρειπίω-
2486 4349 2639 4417 ayri,
2685 4349 2773 4402 vel
2812 4349 2897 4401 lo-

549 4421 755 4493 ventur·
789 4415 1060 4494 animalia
1087 4416 1259 4484 festae
1296 4416 1503 4470 diebus.
1575 4418 1866 4497 Nymphae
1910 4420 2053 4474 enim
2091 4418 2208 4472 eine
2244 4416 2476 4486 piaculo
2518 4433 2628 4470 non
2714 4424 2901 4470 ossuum

545 4497 770 4559 mouere,
804 4484 905 4535 sed
936 4499 1154 4561 segnius,
1192 4485 1502 4564 necessitati
1531 4486 1852 4564 reltyionem
1885 4490 2110 4555 σαῖσι,-
2149 4501 2210 4539 ex
2247 4500 2350 4554 quo
2383 4484 2642 4563 Macrobii
2698 4500 2800 4563 oco·
2830 4499 2898 4538 ne

548 4545 2106 4686 fflsstffffifflwsfflasffifflm.
2185 4570 2218 4605 8
2233 4568 2419 4684 8,8.8;’,
2450 4557 2898 4675 sitente
