3616 5026
625 210 746 274 284
1308 206 1381 271 Ρ.
1422 204 1792 273 VERGILI
1833 206 2230 276 MARONIS

627 373 724 437 Ne
767 370 1135 459 prohibete!
1188 372 1366 439 Satis
1402 373 1536 440 iam
1579 375 1831 476 pridem
1876 375 2193 462 sanguine
2234 384 2456 442 nostro

626 454 1149 523 Laomedonteae
1189 457 1424 523 luimus
1512 461 1753 524 eriuria
1795 459 2066 534 Troiae3

627 537 763 602 Iam
853 538 1064 605 ridem
1104 539 1293 605 nobis
1334 562 1451 606 cae
1542 551 1608 608 te
1648 545 1852 630 regia,
1898 541 2164 624 Caesar,

625 620 768 686 Invi
819 631 882 686 et
923 633 1117 723 atque
1161 621 1489 689 hominum
1536 627 1825 714 queritur
1870 647 2101 691 curare
2141 624 2538 712 triumphos;

627 703 888 852 ssuippe
906 705 1043 854 1:1²3
1084 706 1185 770 fas
1229 729 1516 857 lversumf
1536 720 1728 807 atque
1769 710 2019 856 nefasfil
2025 717 2122 775 tot
2162 706 2336 854 beltla
2378 731 2496 796 per
2539 706 2780 790 orbem,
2853 719 2953 769 505

689 809 730 852 a
840 811 903 853 m
1043 811 1078 853 e
1699 816 1714 831 ·

625 812 884 959 Dignus
927 811 1495 961 honosecgqedaulrgnt
1508 814 2361 941 aghffli'cggnarvdmcffihilso

625 1057 1077 1196 ἓῖΡέἑῗηὲἭ·
1098 1058 1227 1181 ..ἕξ
1247 1059 1425 1180 ιέἕξῗ
1447 1057 2096 1197 efflanffirffssffessss‘*
2126 1058 2956 1182 {5⁸issssffimiffi‘r'aessfflffi

625 1193 711 1248 vix
746 1168 981 1248 ferant.“
1022 1193 1196 1260 Heme.
1266 1194 1524 1250 Ribbeck.
1561 1194 1773 1263 Proleg.
1811 1212 1864 1265 p.
1905 1200 1986 1250 15.
2021 1168 2316 1250 re’ctissime
2351 1197 2549 1257 censet,
2625 1211 2717 1250 aec
2751 1200 2807 1249 et
2838 1211 2955 1249 ver·

626 1278 743 1315 sum
785 1266 899 1315 504.
946 1277 1051 1315 non
1087 1250 1300 1324 demum
1336 1279 1387 1317 a.
1426 1266 1543 1316 725.
1598 1263 1758 1317 scribi
1793 1263 2053 1332 potuisse,
2094 1279 2196 1333 quo
2237 1262 2579 1322 Octavianus.
2617 1264 2698 1317 vir
2731 1264 2957 1330 triginta

626 1345 716 1383 sex
750 1345 1035 1393 annorum,
1072 1330 1191 1385 Iani
1229 1329 1492 1399 templum
1527 1330 1634 1384 iam
1681 1330 1983 1386 clausisset.
2055 1331 2188 1385 Cum
2239 1332 2258 1383 i
2296 1346 2358 1384 sa
2401 1331 2668 1385 sententia
2712 1330 2780 1383 cf.
2825 1331 2954 1384 Hor.

625 1397 724 1452 Od.
760 1396 812 1459 1,
851 1400 909 1460 2,
944 1399 1027 1451 25.
1091 1398 1257 1459 Quem
1299 1406 1451 1452 vocet
1483 1397 1667 1452 divam
1693 1400 1945 1469 populus
1987 1400 2196 1451 mentis
2263 1400 2440 1469 mpori
2479 1399 2673 1451 rebus!
2705 1428 2770 1435 —
2827 1396 2954 1458 502.

624 1463 864 1518 Posteris
899 1464 1099 1520 luenda
1135 1482 1252 1520 esse
1285 1467 1548 1520 maiorum
1580 1471 1817 1535 peecata,
1860 1467 2157 1520 communis
2194 1472 2310 1520 erat
2347 1469 2583 1520 veterum
2621 1466 2808 1534 opinio,
2869 1465 2957 1518 Ita

625 1532 787 1586 etiam
830 1532 1080 1596 Romani,
1119 1533 1466 1587 Troianorum
1509 1536 1755 1603 nepotes,
1810 1533 2026 1588 illorum
2076 1533 2289 1588 delictis
2333 1534 2502 1602 premi
2552 1534 2666 1587 iure
2707 1536 2956 1603 poterant

624 1600 810 1654 videri.
880 1600 1056 1666 Quare
1097 1618 1131 1656 a
1165 1601 1374 1656 tissime
1416 1600 1505 1654 hic
1553 1604 2038 1656 commemorantur
2075 1602 2600 1654 Laomedonteae
2698 1602 2956 1654 eriuria

628 1667 902 1737 Troiae,
940 1673 1005 1723 ut
1035 1668 1091 1722 in
1151 1685 1244 1723 oco
1284 1668 1543 1738 parallelo
1574 1670 1706 1724 Aen.
1742 1670 1836 1734 IV,
1875 1673 1992 1724 541.
2056 1670 2135 1722 Cf.
2174 1669 2337 1723 etiam
2377 1669 2507 1723 Aen.
2544 1668 2609 1732 V,
2689 1673 2763 1723 11.
2804 1667 2958 1722 Stru-

625 1742 714 1789 eta
753 1736 888 1789 meib
926 1737 1174 1790 mmzilnae
1209 1737 1476 1807 periurae
1519 1738 1735 1792 moenia
1782 1737 2007 1791 Troiae.
2076 1737 2220 1791 Satis
2262 1739 2392 1790 nota
2438 1737 2575 1790 enim
2630 1736 2695 1790 de
2730 1737 2958 1790 Laome-

625 1804 790 1856 donte
838 1804 1102 1866 narratiO‚
1161 1805 1251 1874 qui
1298 1804 1602 1873 Apollinem
1646 1808 1702 1859 et
1747 1804 2087 1875 Neptunum,
2142 1804 2310 1858 muris
2353 1804 2541 1858 Troiae
2588 1804 2654 1858 ab
2709 1803 2819 1857 illis
2871 1819 2957 1856 ex-

626 1869 822 1924 tructis
841 1912 853 1935 ‚
918 1887 985 1926 ne
1023 1888 1087 1926 ue
1143 1872 1315 1926 multo
1409 1877 1519 1929 ost.
1579 1872 1812 1928 liberata
1855 1873 2110 1935 Hesione,
2169 1871 2456 1926 Herculem
2545 1875 2666 1925 acta
2718 1870 2958 1926 mercede

626 1938 915 1992 fraudavit.
1036 1939 1120 1994 ide
1159 1939 1314 1993 Hom.
1408 1983 1419 1995 .
1453 1940 1607 1999 XXI.
1646 1944 1734 1994 441
1782 1958 1899 2010 sqq.
1954 1939 2170 1993 Pindar.
2209 1940 2294 1995 Ol.
2333 1939 2461 2001 VII,
2533 1945 2564 1992 9
2600 1955 2713 2009 sqq.
2768 1938 2956 1992 Horat.

626 2004 726 2061 Od.
763 2006 867 2064 111.
905 2011 953 2067 3,
992 2010 1049 2060 21
1092 2025 1118 2061 s
1159 2048 1171 2060 .
1214 2040 1277 2048 —
1315 2008 1470 2062 Hom.
1509 2008 1574 2062 Π.
1610 2008 1674 2069 V,
1711 2013 1808 2062 640
1834 2025 1912 2077 sq.
1954 2006 2198 2077 Apollod.
2234 2007 2307 2068 11,
2346 2012 2394 2062 5.
2431 2011 2478 2061 9.
2515 2006 2588 2068 11,
2627 2012 2674 2066 6,
2712 2012 2761 2061 4.
2800 2005 2956 2059 Diod.

627 2072 718 2136 IV,
744 2076 826 2127 32.
864 2074 1064 2143 Hygin.
1144 2076 1230 2130 ab.
1267 2078 1346 2130 89.
1394 2076 1582 2145 Neque
1616 2075 1890 2130 adsentior
1913 2075 2138 2144 Heynio‚
2181 2075 2615 2129 Laomedonteae
2648 2075 2748 2127 sim
2785 2073 2959 2128 liciter

625 2141 994 2261 pyro-epitheto
1031 2142 1239 2195 Troiae
1277 2143 1514 2202 habenti,
1555 2148 1620 2198 ut
1695 2144 1908 2197 eriuria
1947 2142 2156 2196 Troiae
2186 2141 2372 2222 latius·
2397 2141 2466 2195 ad
2508 2142 2687 2196 omnia
2750 2142 2962 2221 acinora

625 2211 1280 2357 οὲἳὲῗηέηὲωῗῧῗῇῗῆ
1293 2211 2068 2348 afssmvffisai-wifffssifflsstuvrl
2088 2209 2640 2346 siissbffissflssoffiff
2677 2208 2963 2356 ξῖῗέιῗὲιῖξ.

627 2343 894 2398 efficiatur
927 2344 1052 2398 hbn
1090 2351 1281 2407 entus,
1354 2346 1459 2399 uod
1497 2348 1611 2401 iure
1646 2348 1896 2401 reiiciunt
1928 2345 2138 2400 Ladew.
2176 2345 2364 2412 Prog’r.
2408 2362 2457 2413 p.
2500 2348 2578 2398 15.
2621 2349 2675 2398 et
2709 2344 2960 2398 Ribbeck.

625 2411 784 2466 Prole
826 2452 839 2465 .
878 2429 931 2481 p.
957 2416 1040 2465 47.
1067 2445 1131 2452 —
1171 2412 1298 2473 503.
1402 2431 1456 2467 m
1492 2413 1692 2469 dudum
1716 2414 1803 2468 Dii
1838 2414 1892 2466 in
1931 2419 2140 2467 coetum
2178 2429 2334 2466 suum
2369 2415 2424 2466 te
2451 2413 2556 2466 reci
2595 2427 2680 2466 ere
2705 2412 2961 2480 gestiunt.

630 2478 713 2533 Cf.
752 2428 941 2535 Hgorat.
980 2478 1081 2535 Od.
1119 2481 1162 2543 I,
1203 2485 1250 2545 2,
1289 2484 1354 2536 25
1389 2501 1415 2537 s
1457 2526 1468 2536 .
1516 2483 1798 2552 (imprimis
1833 2497 1885 2534 v.
1928 2485 2061 2545 45.>,
2110 2481 2194 2535 cui
2229 2479 2372 2535 hunc
2406 2479 2512 2535 Ver
2596 2480 2625 2491 '⁰
2661 2479 2834 2559 locum
2870 2480 2963 2532 ob·

627 2550 900 2601 versatum
937 2564 1052 2603 esse
1084 2552 1250 2619 patet.
1290 2583 1347 2589 —
1419 2500 1552 2612 304.
1599 2551 1909 2619 queritur
1956 2552 2053 2615 (te)
2098 2550 2419 2602 hominum
2462 2565 2698 2602 curare
2738 2555 2962 2600 trium-

626 2615 816 2685 phos,
852 2615 890 2668 i.
927 2631 971 2669 e.
1014 2616 1156 2671 inter
1189 2616 1428 2671 homines
1465 2620 1668 2679 vivere;
1716 2634 1842 2671 nam
1878 2619 2055 2672 vivere
2095 2619 2150 2670 et
2185 2615 2487 2685 triumphos
2521 2631 2679 2684 agere
2715 2616 2963 2670 Octavia—

628 2698 757 2736 num
800 2686 991 2752 poetae
1035 2683 1281 2738 adulanti
1321 2701 1489 2739 unum
1526 2685 1770 2755 idemque
1811 2685 2049 2739 videtur:
2105 2700 2428 2754 quamquam
2477 2681 2588 2736 inis
2632 2683 2962 2753 temporibus

627 2766 748 2805 vere
782 2750 1020 2805 nondum
1056 2751 1485 2821 triumphaverat
1515 2754 1823 2823 Augustum,
1869 2754 1980 2813 cui,
2026 2753 2185 2807 Sexto
2223 2750 2474 2821 Pompeio
2508 2751 2674 2813 vieto,
2719 2767 2820 2804 non
2859 2751 2961 2804 nisi

628 2818 804 2872 ovatio
839 2833 872 2872 a
905 2818 1106 2872 Senatu
1141 2819 1359 2874 decreta
1393 2825 1552 2875 esset.
1623 2820 1703 2875 Cf.
1742 2837 1879 2901 quae
1917 2820 2060 2875 infra
2098 2819 2165 2873 ad
2201 2835 2253 2872 v.
2282 2824 2398 2873 505.
2424 2818 2683 2872 adnotata
2705 2818 2868 2873 vides.
2899 2851 2962 2858 -—

627 2884 761 2945 505.
808 2885 945 2952 ubi,
984 2903 1105 2956 pro:
1151 2888 1292 2957 apud
1328 2904 1476 2959 quos,
1515 2903 1590 2942 sc.
1628 2888 1883 2942 hommes.
1956 2889 2044 2942 Ita
2081 2888 2222 2941 enim
2258 2886 2528 2941 Adverbia
2560 2884 2663 2940 loci
2704 2903 2800 2955 pro
2834 2886 2962 2939 Pro-

626 2953 838 3008 nomine
875 2969 997 3007 cum
1031 2953 1428 3024 Praepositione
1463 2956 1640 3025 posita
1678 2972 1768 3010 sae
1806 2956 1990 3009 issime
2025 2955 2187 3009 etiam
2228 2954 2297 3009 ad
2372 2969 2586 3009 ersonas
2622 2954 2804 3008 referri
2840 2969 2962 3007 con-

632 3023 764 3074 stat.
835 3021 919 3074 Cf.
956 3021 1230 3077 Heindorf.
1272 3022 1339 3077 ad
1363 3023 1493 3077 Hor.
1536 3023 1648 3077 Sat.
1687 3022 1729 3079 1.
1769 2972 1817 3085 ἒ,
1859 3026 1941 3077 78.
1982 3023 2141 3076 Corte
2179 3021 2247 3075 ad
2404 3064 2415 3076 .
2449 3022 2513 3076 Iu
2555 3061 2567 3074 .
2608 3025 2686 3081 14,
2724 3025 2803 3074 22.
2843 3022 2965 3075 We-

628 3087 795 3167 sterh.
832 3087 902 3142 ad
941 3088 1059 3144 Ter.
1096 3089 1228 3143 Eun.
1264 3091 1373 3152 111,
1415 3096 1470 3155 5,
1512 3095 1593 3145 36.
1656 3091 1830 3143 Kritz.
1871 3090 1940 3145 ad
1977 3089 2108 3144 Sall.
2146 3090 2265 3143 Cat.
2301 3092 2435 3169 5⁹..²·
2499 3038 2693 3168 gremi-
2725 3088 2795 3143 ad
2828 3087 2962 3168 Nep.

628 3155 770 3209 Milt.
809 3158 859 3217 3,
898 3160 939 3210 1.
998 3157 1224 3228 Herzog.
1261 3157 1331 3212 ad
1367 3157 1517 3213 Caes.
1554 3158 1617 3212 B.
1654 3158 1716 3211 G.
1754 3157 1827 3221 11,
1865 3163 1916 3213 5.
1965 3160 2021 3212 et
2054 3157 2118 3220 V,
2163 3161 2241 3211 14.
2285 3157 2394 3211 aln.
2464 3155 2585 3211 Vid.
2622 3158 2786 3211 etiam
2823 3158 2965 3210 infra

628 3222 693 3276 ad
731 3222 856 3277 Geo,
894 3223 988 3285 IV,
1025 3228 1145 3280 449.
1183 3256 1249 3265 -—
1284 3228 1400 3292 fae
1444 3233 1639 3306 atque
1687 3228 1887 3291 nefas
1920 3242 2198 3292 versum,
2249 3223 2547 3285 confusum,
2585 3223 2669 3278 fas
2703 3225 2759 3278 in
2792 3224 2961 3285 nefas,

628 3291 779 3344 nefas
817 3290 871 3344 in
907 3291 991 3345 sas
1027 3307 1254 3347 versum.
1327 3293 1409 3347 Cf.
1449 3292 1603 3348 Ovid.
1638 3293 1768 3347 Met.
1804 3293 1899 3351 VI.
1928 3296 2042 3347 585.
2077 3294 2176 3358 fas
2210 3294 2479 3362 nefasque
2514 3294 2804 3356 confit-mm
2831 3292 2961 3358 mit,

629 3361 685 3412 et
726 3357 893 3412 Orell.
942 3359 1162 3414 Excurs.
1197 3360 1268 3414 11.
1315 3360 1384 3415 ad
1430 3361 1561 3414 Hor.
1604 3360 1770 3430 Epod.
1806 3361 1881 3415 V.
1920 3364 2001 3415 87.
2050 3377 2104 3430 p.
2140 3363 2257 3414 665.
2292 3391 2356 3399 -
2392 3366 2488 3411 tot
2538 3359 2730 3413 bella.
2789 3360 2961 3428 Heyn.

627 3425 759 3479 haec
793 3429 850 3480 et
885 3443 1032 3497 seqq.
1069 3443 1115 3482 v.
1143 3432 1426 3482 509—511.
1463 3429 1531 3483 ad
1566 3444 1766 3482 annum
1799 3428 1870 3481 ab
1905 3429 1971 3483 U.
1998 3429 2056 3481 C.
2096 3430 2210 3480 717.
2248 3428 2319 3481 M.
2355 3427 2595 3495 Agrippa
2629 3429 2685 3480 et
2717 3427 2777 3481 L.
2805 3427 2960 3481 Gallo

628 3494 776 3547 Coss.
813 3493 1089 3549 referenda
1123 3499 1328 3552 censet.
1371 3512 1475 3566 quo
1526 3497 1706 3559 „inter
1746 3496 2029 3551 Caesarem
2070 3497 2125 3548 et
2158 3495 2377 3549 Sextum
2416 3493 2550 3547 Pom
2587 3494 2729 3548 eium
2762 3494 2960 3548 bellum

628 3561 1058 3627 recrudescebat,
1103 3563 1368 3617 Antonius
1413 3579 1535 3617 cum
1579 3564 1812 3619 exercitu
1856 3563 2112 3618 adversus
2150 3561 2380 3617 Parthos
2427 3561 2534 3615 iam
2574 3561 2742 3616 udum
2782 3563 2962 3619 Svriae

628 3629 851 3683 infestos
904 3629 1022 3684 ibat
1067 3634 1122 3684 et
1164 3631 1233 3685 ab
1276 3631 1407 3701 Agri
1445 3648 1540 3700 pa,
1606 3632 1696 3711 qui
1740 3631 1988 3685 Rhenum
2035 3630 2352 3691 transierat,
2411 3629 2467 3682 in
2512 3627 2705 3684 Galliis
2760 3618 2960 3685 bellum

628 3697 783 3776 modo
822 3697 1121 3752 confectum
1159 3702 1332 3753 erat.“
1402 3648 1504 3753 §ed
1542 3700 1641 3779 ipsi
1678 3699 1948 3770 triumphi
1980 3698 2276 3763 (victoriae)
2311 3696 2397 3750 hic
2435 3698 2834 3752 commemorati
2867 3715 2961 3767 po-

629 3767 738 3817 tius
776 3763 842 3818 de
876 3767 1116 3834 tempore
1152 3765 1331 3836 paullo
1368 3772 1687 3836 posteriore,
1726 3766 1792 3820 de
1827 3783 1966 3821 anuo
2001 3765 2070 3819 ab
2107 3765 2172 3819 U.
2210 3765 2268 3819 C.
2307 3767 2422 3818 718.
2458 3781 2500 3817 s.
2540 3766 2624 3819 36.
2660 3781 2709 3819 a.
2746 3764 2873 3819 Chr.
2907 3781 2960 3817 n.

631 3831 856 3900 cogitari
901 3832 1112 3895 iubent,
1170 3850 1274 3914 quo
1321 3835 1670 3896 Octavianus,
1716 3834 1875 3888 Sexto
1923 3832 2177 3901 Pompeio
2219 3832 2326 3887 iam
2370 3831 2577 3887 devicto
2620 3840 2676 3885 et
2717 3832 2964 3886 Etruriae

630 3899 874 3952 tumultu
906 3900 1092 3955 sedato
1127 3902 1253 3965 (vid.
1295 3902 1478 3961 infra).
1519 3902 1721 3956 bellum
1760 3907 1948 3955 contra
1973 3900 2234 3961 SalassoS,
2273 3899 2573 3963 Tauriscus,
2610 3899 2872 3954 Liburnos
2912 3906 2963 3954 et

633 3966 863 4087 lapidas
898 3968 1127 4037 parabat
1161 3970 1410 4049 (Appian.
1446 3969 1600 4027 mvr.
1642 3973 1852 4022 16—21.
1891 3969 1992 4023 Dio
2029 3968 2179 4022 Cass.
2216 3966 2404 4025 XLIX.
2433 3968 2567 4029 34),
2603 3967 2964 4022 Triumviratu

629 4050 698 4087 au
758 4050 811 4087 m
835 4033 1021 4105 Lepidi
1058 4035 1388 4104 relegatione
1422 4026 1655 4095 sublato,
1693 4053 1816 4090 cum
1850 4052 2017 4090 novae
2052 4035 2195 4090 inter
2229 4052 2350 4091 eum
2385 4038 2442 4089 et
2463 4034 2756 4088 Antonium
2783 4036 2965 4089 simul·

629 4105 773 4154 tates
817 4106 1028 4158 exortae
1076 4106 1279 4165 essent,
1329 4105 1507 4159 omnia
1549 4103 1618 4159 ad
1656 4120 1850 4158 norum
1898 4104 2100 4158 bellum
2147 4103 2300 4157 civile
2345 4104 2587 4171 spectare
2629 4102 2963 4157 videbantur.

630 4168 867 4231 Accedit,
908 4170 1045 4240 quod
1080 4175 1310 4241 poetam,
1348 4172 1439 4242 qui
1472 4171 1555 4226 his
1591 4176 1823 4241 quatuor
1842 4172 2138 4242 Georgicon
2165 4171 2319 4225 libris
2343 4169 2735 4224 conscribendis
2759 4172 2963 4241 septem

632 4252 797 4291 annos
820 4237 1156 4306 impenderit,
1193 4240 1426 4308 primum
1454 4256 1634 4294 eorum
1670 4240 1853 4294 eodem
1889 4255 2028 4294 anno
2064 4243 2120 4293 et
2155 4238 2413 4309 incepisse
2448 4238 2504 4290 et
2606 4238 2837 4297 rfecisse,
2875 4254 2966 4307 per

633 4320 688 4358 se
724 4304 900 4358 minus
937 4308 1020 4359 est
1055 4306 1347 4375 probabile.
1421 4308 1669 4362 Ceterum
1707 4324 1827 4361 cum
1867 4307 2142 4361 hominum
2174 4305 2465 4376 tramphie
2508 4252 2604 4359 ope
2619 4305 2745 4360 Hor.
2783 4306 2881 4361 od.
2921 4304 2962 4367 1,

631 4373 679 4434 2,
706 4375 786 4426 49.
828 4372 935 4426 hic
969 4391 1195 4442 maqnos
1225 4374 1416 4444 potius
1450 4374 1770 4446 trimphos,
1815 4376 1882 4428 H
1884 4377 1945 4429 ic
1978 4392 2123 4429 ames
2158 4376 2279 4429 dici
2348 4380 2468 4426 ater
2505 4380 2665 4494 affine
2684 4374 2959 4444 princepe.

632 4469 695 4477 —-
728 4437 861 4499 506.
898 4443 1137 4495 multae
1169 4443 1493 4495 scelerum
1515 4443 1770 4511 facies,
1811 4443 1843 4496 i.
1883 4459 1928 4497 e.
1963 4458 2177 4512 genera.
2277 4476 2292 4493 ι
2321 4480 2333 4492 .
2370 4441 2499 4494 Aen.
2617 4480 2630 4501 .
2668 4447 2785 4496 560.
2834 4440 2962 4494 ibid.

635 4519 684 4555 v.
726 4508 836 4557 104.
898 4507 1031 4560 Aen.
1068 4509 1137 4561 V.
1181 4512 1295 4561 822.
1334 4509 1488 4562 Ovid.
1527 4511 1591 4563 A.
1630 4510 1695 4562 A.
1741 4510 1792 4569 I,
1839 4514 1952 4563 121.
1992 4511 2182 4579 facies
2226 4528 2334 4562 non
2369 4526 2483 4561 una
2514 4509 2726 4563 timoris
2761 4512 2862 4563 etc.
2901 4540 2962 4548 —-

633 4567 762 4627 507.
802 4572 1043 4638 dionae
1074 4577 1303 4642 honos,
1344 4576 1556 4644 qualem
1592 4580 1843 4640 meretur,
1881 4578 2016 4632 satis
2053 4592 2307 4647 magnus;
2343 4575 2653 4645 pacisenim
2676 4576 2964 4632 studiace·
