3616 5026
1458 227 1931 297 BUCOLICA.
1999 228 2196 298 ECL.
2233 229 2317 295 Π.
2987 233 3063 295 21

703 391 2608 541 affinfflss..3333⁸.m¹¹‘zfflffzssnffissfflffffiissffffi‘
2618 408 3062 542 ’1113309232'33'3

770 544 889 582 rum
924 528 1142 582 illorum
1176 533 1445 597 pravitate
1482 533 1539 585 et
1572 531 1907 600 turpitudine
1941 532 2016 585 im
2053 548 2201 593 urus,
2240 547 2310 585 an
2346 532 2545 599 potlus,
2596 528 2736 599 quod
2774 544 2830 582 m
2866 528 3058 598 Vergu-

795 594 1051 650 honorem
1087 611 1380 659 sumamus,
1421 603 1604 652 castus
1643 602 1700 653 et
1730 599 1957 669 pudicus
2054 600 2173 661 erit,
2213 599 2292 653 ita
2327 601 2393 652 ut
2430 600 2590 667 poeta
2627 599 2828 658 noster,
2866 596 3054 651 Socra-

702 663 774 716 tis
810 666 867 717 et
898 662 1147 717 Platonis
1183 664 1483 734 exemplum
1519 669 1753 729 secutus,
1791 667 1934 721 hunc
1969 667 2331 721 Alexandrum
2377 681 2484 719 non
2528 664 2772 727 vitiandi,
2814 664 2908 718 sed
2944 682 3065 719 eru-

700 730 881 785 diendi
919 734 975 784 et
1007 730 1273 785 formandi
1310 749 1474 787 causa
1508 732 1753 789 dilexisse
1789 735 2064 804 putandus
2101 736 2189 796 sit,
2226 734 2381 788 nobis
2417 732 2507 786 hic
2540 748 2647 786 non
2685 736 2770 787 est
2803 747 3060 801 quaeren-

699 798 845 853 dum.
904 798 1134 859 Sufficit,
1172 801 1236 853 ut
1269 815 1573 863 narremus,
1613 802 1910 858 Pollionem
1956 803 2053 856 hoc
2101 803 2333 856 carmine
2367 800 2500 855 adeo
2547 799 2874 855 delectatum
2921 816 3055 864 esse,

697 868 762 920 ut
796 865 1035 935 Vergilio
1073 865 1297 946 donaret
1330 869 1692 924 Alexandrum
1729 874 1783 925 et
1831 870 1971 924 hunc
2015 875 2204 941 poetae
2245 868 2418 923 nostri
2465 869 2806 948 institutione
2850 867 3055 922 factum

697 936 1438 1082 ffnfflffissffleffs
1472 937 2061 1075 ἓέἑῑέἒῗῗηὲἔέἓξ
2081 939 2500 1074 ifflffiffi‘ffl
2519 936 3057 1069 ’ξ’ἕὲῑῗωοὸῗιὲῗῗὲἰ

698 1073 781 1149 20.
819 1073 876 1149 et
910 1073 993 1149 37.
1065 1069 1232 1124 Servn
1271 1071 1339 1125 ad
1375 1072 1488 1126 Ecl.
1527 1072 1598 1135 Π,
1643 1077 1688 1126 1.
1728 1078 1784 1127 et
1827 1079 1904 1128 15.
1966 1074 2233 1128 Martialis
2269 1073 2333 1136 V,
2376 1076 2455 1126 16.
2493 1071 2616 1153 VII,
2656 1074 2737 1152 26.
2791 1071 2939 1134 Vm,
2978 1076 3060 1126 56.

699 1154 964 1287 Ἓῗῗῗ
975 1138 1253 1284 ὧῗῗῗῗὲιθ
1281 1138 2704 1278 {iessffffiksegssgiffi²33euissfflssss¹ss¹fis²ffli¹ff⁰fl¹33
2717 1154 2900 1262 ³33⁸}ss
2930 1139 3061 1276 {1131

754 1279 808 1333 t,
876 1273 944 1327 cf.
982 1275 1322 1353 potissimum
1368 1276 1405 1329 S
1443 1276 1587 1330 ohnii
1632 1276 1844 1347 Proleg.
1888 1295 1939 1357 p.
1980 1281 2044 1331 23
2080 1294 2195 1357 sqq.
2268 1276 2517 1332 Gebauer
2561 1275 2628 1330 de
2661 1275 2834 1344 poetis
2869 1277 2974 1328 etc.
3012 1275 3056 1328 1.

740 1383 752 1395 .
792 1343 876 1395 23.
914 1342 971 1394 et
1006 1340 1282 1395 Ribbeckn
1317 1341 1422 1396 Pro
1446 1360 1528 1414 eg.
1570 1360 1621 1413 p.
1657 1347 1724 1405 3.,
1767 1345 1859 1414 qui
1895 1345 2004 1399 sslis
2039 1345 2172 1399 locis
2206 1344 2361 1398 addit
2396 1342 2574 1398 Schol.
2613 1342 2771 1396 Bern.
2810 1340 2883 1396 ad
2916 1358 2965 1396 v.
3011 1346 3060 1396 1.

696 1358 859 1462 {iuius
894 1407 1032 1465 Ecl.)
1068 1424 1386 1479 carmenque
1426 1412 1502 1465 sic
1536 1412 1801 1466 instituit:
1858 1411 2122 1481 Corydon,
2160 1412 2318 1465 homo
2355 1412 2496 1466 liber
2529 1413 2587 1465 et
2624 1410 2708 1464 sui
2741 1410 2924 1479 gregis
2962 1426 3057 1479 pa·

696 1480 812 1530 stor
849 1476 941 1535 (cf.
967 1478 1159 1541 v.21.)‚
1195 1493 1398 1546 pronus
1433 1480 1646 1532 omnino
1683 1479 1754 1534 ad
1790 1496 1998 1535 amores
2034 1482 2193 1537 (εἰν.
2223 1483 2284 1533 14
2311 1486 2433 1549 sq.),
2473 1478 2655 1533 Alexis
2689 1477 2858 1547 pueri,
2896 1493 3057 1546 quem

697 1543 863 1598 Iollas
901 1542 1120 1613 quidam
1156 1545 1213 1597 in
1247 1545 1452 1599 deliciis
1489 1546 1727 1601 habebat
1764 1554 1836 1611 (v.
1873 1551 1997 1609 57),
2035 1548 2297 1618 flagrante
2334 1562 2515 1602 amore
2552 1550 2761 1615 captus,
2798 1545 3056 1599 miserum

698 1611 864 1665 animi
894 1612 978 1666 sui
1006 1611 1258 1665 affectum
1292 1613 1490 1681 prodit,
1530 1614 1597 1669 de
1630 1616 1780 1683 pueri
1819 1617 1987 1670 amati
2023 1615 2218 1670 duritie
2253 1615 2506 1684 fastuque
2526 1612 2693 1669 effuse
2729 1628 3055 1681 conquerens

697 1694 769 1759 (y.
806 1681 1042 1760 ⁶.-·¹⁸·)³
1081 1678 1271 1734 deinde
1307 1696 1429 1735 eum
1464 1682 1638 1736 allicit
1675 1683 2151 1738 commemorandis
2187 1683 2377 1753 opibus
2416 1682 2529 1736 suis
2563 1684 2621 1734 et
2646 1696 2878 1801 gregum
2915 1680 3056 1734 mul-

694 1746 932 1801 titudine
972 1754 1044 1811 (V.
1083 1749 1207 1809 20.),
1247 1748 1471 1804 canendi
1507 1750 1702 1819 peritia
1737 1754 1806 1815 (v.
1844 1754 1949 1809 23.)
1988 1752 2325 1821 corporisque
2367 1749 2645 1819 pulchritu
2687 1749 2768 1802 ‘ne
2817 1756 2888 1809 (v,
2927 1750 3053 1811 25.)‚

697 1818 755 1868 et
788 1815 1078 1885 promittit,
1119 1815 1167 1868 si
1200 1832 1334 1885 puer
1368 1833 1549 1871 secum
1584 1818 1760 1872 vivere
1797 1819 1946 1877 velit,
1984 1820 2032 1873 ei
2068 1823 2242 1873 artem
2279 1817 2506 1873 canendi
2548 1832 2606 1870 se
2649 1815 3053 1885 impertiturum

695 1892 767 1945 (ν.
807 1887 867 1936 31
906 1884 1049 1952 sqq.)
1084 1884 1396 1953 munerique
1433 1884 1687 1939 daturum
1720 1886 1962 1941 fistulam
2007 1887 2280 1956 egregiam
2328 1900 2398 1945 (v.
2436 1888 2560 1947 36.),
2606 1883 2739 1938 duos
2784 1884 3057 1953 capreolos

697 1956 769 2007 (v.
807 1953 915 2009 40.)
953 1949 1284 2020 coronasque
1317 1950 1507 2007 florum
1544 1969 1667 2007 cum
1699 1954 1871 2023 pomis
1909 1958 1980 2019 (v.
2015 1958 2138 2012 45.).
2196 1954 2332 2007 Tum
2379 1953 2526 2006 venit
2567 1950 2636 2006 ad
2680 1951 2868 2005 laudes
2912 1951 3055 2006 vitae

696 2018 932 2073 rusticae
966 2031 1039 2083 (ν.
1076 2021 1198 2075 60).
1267 2019 1510 2089 Denique
1553 2019 1622 2075 ad
1668 2022 1957 2076 sanitatem
2002 2022 2211 2076 rediens
2255 2022 2369 2091 ipse
2414 2020 2613 2074 amoris
2659 2019 2743 2072 sui
2788 2018 3055 2073 insaniam

696 2085 923 2140 damnat
940 2087 1013 2149 (v,
1034 2088 1157 2140 69³.
1196 2086 1332 2141 Cum
1357 2092 1540 2143 autem
1569 2092 1727 2158 poeta
1761 2090 1818 2143 in
1856 2089 1955 2143 hoc
1992 2090 2224 2144 carmine
2298 2086 2543 2157 augendo
2568 2086 2910 2140 Theocritum
2939 2103 3055 2140 ma-

696 2154 835 2207 xime
872 2156 1001 2234 ante
1036 2153 1215 2207 oculos
1250 2154 1519 2235 habuerit,
1559 2172 1620 2237 ex
1657 2157 1808 2211 cuius
1847 2157 2004 2226 Idyll.
2043 2157 2134 2210 XI.
2360 2198 2377 2236 ·.
2422 2160 2476 2210 et
2512 2155 2612 2233 III.
2659 2154 2932 2223 permulta
2974 2155 3054 2209 ita

696 2222 1049 2350 mim
1078 2221 1761 2361 ἔῗοῗιοίᾚέὥῑοέιῗωέο
1774 2225 2417 2371 ”ξζὲἓὲοῗ“ἶοῖῗ’ἓ“ἑῖ.ἒῗ
2437 2223 3052 2359 ,ἷόῗῗὲεἳωφῗὲἑωὲἓζῗ

696 2373 835 2410 mur.
879 2356 1129 2410 Ceterum
1169 2356 1233 2411 de
1265 2363 1522 2427 tempore,
1563 2376 1667 2429 quo
1689 2359 1821 2414 haec
1844 2361 2043 2428 Ecloga
2066 2361 2174 2414 scri
2212 2364 2272 2414 ta
2296 2359 2545 2413 videatur
2576 2362 2805 2419 (aestate
2830 2374 2878 2412 a.
2909 2361 3052 2411 712.:

699 2424 768 2478 cf.
804 2440 856 2478 v.
893 2427 925 2479 8
952 2440 1071 2493 sqq.
1106 2427 1189 2478 66.
1226 2429 1329 2481 70.)
1361 2426 1469 2481 vid.
1506 2427 1647 2481 Diss.
1685 2427 1750 2482 de
1789 2429 1894 2483 Ver
1936 2474 1943 2481 .
1983 2431 2097 2482 vita
2142 2445 2169 2481 e
2232 2444 2396 2482 carm.
2432 2429 2544 2481 not.
2589 2431 2667 2481 19.
2707 2428 2762 2479 et
2795 2425 3050 2479 Ribbeck.

696 2491 908 2562 Proleg.
946 2508 1000 2562 p.
1019 2496 1089 2552 4..
1125 2495 1289 2563 atque
1326 2492 1393 2549 de
1431 2495 1544 2550 eius
1578 2499 1856 2551 structura
1935 2496 2141 2552 ibbeck.
2177 2496 2230 2550 in
2256 2494 2431 2550 Iahnii
2454 2494 2646 2549 Annal.
2686 2492 2818 2564 phil.
2837 2492 3048 2548 LXXV.

695 2577 750 2630 p.
785 2562 853 2683 (²53
886 2562 1111 2682 sqqsst'
1132 2560 1434 2683 intPlrsseg.
1471 2580 1526 2633 p.
1568 2567 1697 2626 157„
1744 2565 2008 2634 imprimis
2060 2568 2241 2619 autem
2283 2564 2533 2618 Gebauer
2574 2563 2639 2617 de
2680 2564 2820 2631 poet.
2860 2567 2962 2616 etc.
3001 2561 3048 2614 1.

694 2645 749 2698 P·
890 2645 972 2698 ⁸⁶1·
1116 2670 1128 2682 ·
1163 2644 1192 2682 θ
1391 2646 1506 2700 ΒΨΙ-
3090 2651 3098 2659 ’

703 2832 1095 2898 Formosum
1140 2843 1365 2918 pastor
1406 2833 1716 2921 Corydon
1764 2833 2040 2899 ardebat
2084 2834 2357 2909 Alexim,

696 2914 990 2980 Delicias
1035 2915 1298 2999 domini,
1342 2940 1463 2981 nec
1511 2917 1665 3005 quid
1712 2929 2006 3004 speraret
2050 2917 2352 2983 habebat.

833 3134 882 3194 1.
918 3134 1175 3189 Imitatur
1243 3136 1364 3190 oeta
1397 3135 1615 3191 Theocr.
1651 3135 1853 3198 XXIII,
1896 3141 1940 3190 1.
1980 3137 2063 3192 cf.
2099 3137 2345 3193 Gebauer
2380 3136 2446 3190 de
2481 3138 2621 3205 poet.
2660 3134 2704 3188 1.
2743 3152 2796 3204 p.
2837 3136 2931 3187 142
2967 3150 3048 3203 sq.

694 3202 1102 3257 Formosum:
1138 3151 1245 3257 vid).
1285 3203 1428 3257 infra
1463 3203 1533 3258 ad
1570 3220 1618 3258 v,
1662 3208 1740 3258 17.
1780 3237 1845 3244 —
1881 3205 2130 3260 Ardere
2165 3209 2261 3261 aut
2296 3219 2310 3269 (
2353 3202 2764 3278 uemadmodum
2785 3201 2888 3262 hic,
2919 3201 3048 3255 Hor.

695 3270 795 3325 Od.
830 3270 926 3331 IV,
965 3273 1017 3332 9,
1061 3272 1139 3324 13.
1178 3269 1316 3326 Stat.
1353 3270 1519 3326 Theb.
1553 3271 1646 3333 IV,
1687 3274 1801 3326 337.
1839 3276 1895 3327 et
1931 3272 2068 3328 Gell.
2106 3273 2172 3328 N.
2198 3275 2263 3328 A.
2409 3312 2422 3332 ‚
2448 3275 2520 3332 8.)
2558 3287 2679 3324 cum
2707 3270 2915 3330 Aecus„
2954 3271 3052 3324 aut

698 3355 821 3393 cum
858 3337 1041 3393 Ablat.
1077 3337 1164 3392 vel
1197 3339 1308 3392 solo
1345 3342 1431 3404 (ut
1471 3339 1599 3393 Hor.
1646 3338 1746 3394 Od.
1791 3339 1870 3400 11,
1908 3344 1967 3403 4,
2018 3345 2065 3396 7.
2112 3341 2211 3402 111,
2260 3348 2310 3396 9.
2347 3347 2394 3395 5.
2434 3338 2546 3409 [ubi
2588 3342 2769 3392 tamen
2815 3335 2908 3391 alii
2952 3353 3050 3407 pro

696 3408 867 3461 dom
900 3423 1011 3460 non
1043 3405 1167 3460 alia
1196 3405 1375 3473 ’παρίει
1405 3406 1616 3461 Ανειζςιὶ
1648 3407 1841 3476 legunt
1876 3410 1930 3461 d.
1966 3428 2019 3463 n.
2057 3407 2233 3462 aliam
2268 3427 2337 3463 m.
2373 3407 2445 3461 A.
2521 3404 2615 3460 Sil.
2654 3403 2780 3458 Ital.
2817 3403 2884 3464 V,
2929 3407 3048 3470 15.).

697 3474 786 3529 vel
820 3490 853 3528 a
888 3472 1083 3543 Praep.
1122 3473 1183 3526 in
1220 3473 1483 3544 pendente
1522 3477 1607 3540 (ut
1643 3473 1793 3529 ovid.
1835 3475 1962 3530 Her.
2002 3475 2094 3538 IV,
2133 3481 2215 3530 99.
2252 3475 2385 3530 Met.
2562 3512 2574 3534 ‚
2602 3476 2707 3529 50.)
2745 3470 2889 3526 haud
2929 3488 3049 3526 raro

699 3542 898 3596 dicitur
932 3540 998 3596 de
1034 3557 1230 3596 amore.
1268 3541 1350 3596 cf.
1390 3542 1532 3596 infra
1568 3542 1638 3596 ad
1675 3559 1723 3596 v,
1761 3545 1844 3596 68.
1881 3542 2091 3599 adnott.
2145 3543 2344 3598 Eadem
2381 3542 2586 3596 ratione
2623 3540 2765 3609 apud
2804 3539 3050 3609 Propert.

697 3611 741 3672 I,
784 3612 864 3672 13,
901 3611 983 3663 23.
1018 3608 1247 3678 legimus
1277 3610 1533 3678 fleamus
1554 3626 1714 3664 amor
1744 3610 2006 3665 Herc-udis
2034 3611 2236 3666 Heben.
2274 3609 2471 3664 Wund.
2509 3611 2785 3678 comparat
2820 3607 3048 3661 similem

697 3678 985 3732 dictionem
1189 3677 1273 3730 ire
1306 3677 1392 3731 αἱ·
1577 3695 1787 3744 amore,
1868 3695 1939 3733 ua
1984 3683 2213 3734 utuntur
2258 3696 2305 3732 v.
2355 3695 2398 3733 c.
2447 3675 2649 3731 Catull.
2694 3674 2917 3737 XXXV,
2971 3678 3049 3729 12.

695 3745 878 3800 Plaut.
919 3745 1053 3799 Cist.
1123 3784 1136 3805 ‚
1177 3749 1225 3810 3,
1258 3749 1340 3799 43.
1461 3761 1535 3800 er.
1574 3745 1769 3800 Heaut.
1894 3786 1905 3804 ,
1944 3750 1992 3806 2,
2037 3751 2114 3801 14.
2189 3746 2270 3801 cf.
2307 3745 2470 3800 etiam
2509 3744 2764 3814 Calpuru.
2803 3742 2916 3798 Ecl.
2952 3742 3047 3804 IX,

698 3817 780 3867 70.
821 3846 884 3852 -
919 3812 1192 3867 Alexim.
1227 3812 1315 3866 Ita
1349 3813 1659 3883 scripsimus
1697 3830 1818 3867 cum
1853 3813 1981 3869 Cod.
2021 3813 2155 3874 Pal..
2194 3815 2350 3868 Arus,
2375 3812 2572 3867 Messio
2608 3829 2659 3882 p.
2700 3815 2815 3866 209.
2855 3813 2911 3865 et
2932 3810 3051 3865 Pri-

700 3881 879 3935 sciano
915 3879 1114 3941 XVIII,
1160 3883 1273 3935 128.
1315 3885 1425 3935 154.
1466 3884 1521 3935 et
1570 3885 1708 3942 192„
1765 3897 2090 3962 quamquam
2140 3882 2232 3936 alii
2284 3879 2450 3935 Codd.
2503 3880 2688 3944 (etiam
2725 3879 2892 3934 Anth.
2928 3878 3049 3934 Lat.

696 3948 881 4002 Burm.
921 3947 992 4009 Π,
1036 3950 1148 4009 193,
1184 3951 1250 4010 2.,
1287 3949 1382 4002 ubi
1414 3947 1504 4003 hic
1536 3951 1686 4004 totus
1723 3966 1909 4004 versus
1943 3954 2191 4012 iteratur,
2231 3966 2344 4004 voc.
2368 3951 2584 4003 tantum
2624 3948 2852 4002 ardebat
2885 3947 2940 4000 in
2968 3947 3052 4000 de?-

696 4017 830 4070 leoeit
860 4018 1091 4072 mutata)
1130 4032 1249 4069 cum
1282 4017 1479 4071 Donat.
1514 4016 1583 4070 ad
1620 4017 1738 4072 Ter.
1774 4017 1907 4072 Eun.
1948 4018 2012 4080 V,
2042 4025 2091 4079 9,
2120 4021 2202 4072 23.
2241 4021 2297 4072 et
2330 4015 2506 4071 Schol.
2543 4016 2675 4070 Hor.
2711 4014 2779 4069 ad
2815 4014 2914 4069 Od.
2955 4014 3050 4072 IV.

696 4087 745 4137 9.
790 4082 993 4136 Ale-:in
1033 4081 1296 4138 exhibent.
1364 4084 1442 4138 Ex
1488 4085 1810 4154 optimorum
1854 4088 2035 4140 tamen
2073 4083 2239 4140 Codd.
2293 4088 2349 4139 et
2384 4084 2867 4139 Grammaticorum
2920 4082 3050 4144 (vid.

699 4150 956 4205 Priscian.
993 4149 1142 4211 VIII,
1183 4155 1267 4209 50)
1306 4153 1628 4206 auctoritate
1666 4152 1934 4221 Vergilius
1972 4155 2161 4208 Accus.
2196 4154 2248 4208 S·
2332 4195 2343 4208 .
2390 4152 2664 4207 nominum
2711 4150 3047 4221 propriorum

700 4218 753 4272 in
792 4218 851 4270 is
886 4219 1192 4273 exeuntium
1224 4236 1354 4274 num
1392 4236 1536 4280 uam,
1575 4220 1679 4274 nisi
1714 4225 1887 4274 metro
1914 4238 1973 4275 co
2014 4225 2135 4275 ente
2175 4222 2258 4282 (ut
2339 4220 2404 4274 cl.
2433 4220 2498 4285 V,
2527 4223 2650 4280 52),
2688 4220 2744 4273 in
2784 4217 3047 4288 syllabam

700 4286 770 4339 in
805 4286 1123 4341 terminasse
1160 4303 1348 4342 censen
1389 4304 1453 4342 us
1492 4291 1589 4342 est.
1628 4287 1708 4342 Cf.
1746 4288 1937 4358 Wagn.
2064 4331 2075 4344 .
2115 4289 2264 4356 Virg.
2303 4287 2404 4351 ΠΙ,
2444 4291 2493 4342 3.
2532 4289 2588 4342 et
2624 4286 2775 4342 Iahn.
2811 4286 2881 4340 ad
2917 4285 2970 4340 h.
3010 4286 3047 4339 l.

702 4353 954 4408 Ceterum
986 4353 1130 4408 hunc
1174 4371 1387 4410 versum
1435 4356 1688 4426 Calpurn.
1735 4356 1846 4410 Ecl.
1894 4356 1986 4419 IX,
2037 4361 2081 4412 1.
2127 4357 2202 4412 sic
2247 4356 2493 4410 imitatus
2541 4358 2648 4410 est:
2723 4355 3052 4409 Formosam

700 4421 967 4475 Donacen
1001 4421 1139 4476 Idas
1165 4441 1307 4494 puer
1338 4433 1388 4479 et
1419 4441 1562 4495 puer
1593 4423 1770 4478 Alc-on
1805 4426 2102 4479 Ardebant.
2141 4457 2204 4466 —
2241 4421 2296 4484 2.
2333 4423 2659 4479 Delicias.
2730 4422 2809 4477 De
2846 4421 3049 4476 deliciis

702 4493 756 4543 et
793 4488 1038 4544 delicatis
1072 4492 1250 4560 pueris
1286 4491 1481 4562 Spohn.
1524 4492 1748 4546 conferri
1780 4492 1932 4547 iubet
1967 4492 2149 4547 Burm.
2185 4492 2255 4548 ad
2292 4493 2438 4546 Suet.
2478 4493 2523 4545 A
2607 4533 2618 4546 .
2658 4494 2738 4546 83.
2816 4489 3046 4545 Gronov.

701 4557 771 4611 ad
806 4556 945 4612 Stat.
983 4557 1114 4612 silv,
1148 4559 1219 4624 H,
1264 4564 1306 4614 1.
1345 4560 1408 4622 V,
1447 4565 1503 4621 5,
1542 4563 1624 4614 66.
1684 4559 1832 4615 Plut.
1869 4562 2063 4615 Anton.
2103 4578 2146 4616 c.
2184 4565 2266 4616 59.
2337 4560 2522 4614 Iuven.
2649 4598 2662 4622 ,
2702 4563 2783 4612 47.
2823 4590 2887 4597 —-
2936 4560 3049 4611 do-

698 4624 883 4693 mini,
915 4624 1082 4681 Iollae
1129 4631 1199 4692 (v.
1247 4631 1371 4696 57.),
1417 4628 1508 4698 qui
1550 4630 1730 4684 tamen
1775 4645 1878 4683 non
1925 4630 2222 4699 utriusque,
2270 4627 2564 4698 Corydonis
2611 4629 2668 4681 et
2701 4625 2906 4687 Alme,
2954 4624 3048 4679 sed
