3616 5026
1384 255 1855 325 BUGOLIGA.
1936 256 2129 324 EOL.
2177 256 2284 322 VI.
2897 266 3008 327 105

672 422 1003 502 Carmina,
1046 445 1211 511 quae
1254 422 1466 506 voltis,
1512 426 1915 511 cognoscite3
1964 426 2253 492 carmina
2296 422 2506 503 vobis,
2946 436 3012 488 25

672 505 845 572 Huic
889 505 1067 571 aliud
1110 505 1426 572 mercedis
1472 509 1657 573 erit.“
1743 507 1947 574 Simul
1989 510 2221 596 incipit
2260 510 2425 597 ipse.

674 588 843 654 Tum
885 611 1043 654 vero
1087 591 1154 655 in
1193 612 1533 656 numerum
1573 591 1969 678 Faunosque
2010 592 2314 681 ferasque
2353 590 2615 657 videres

674 672 948 750 Ludere,
993 683 1131 738 tum
1174 674 1425 761 rigidas
1469 685 1719 742 motare
1760 678 2098 741 cacumina
2142 698 2445 763 quercus3

676 757 809 821 Nec
849 767 1100 821 tantum
1141 755 1401 823 Phoebo
1443 758 1686 845 gaudet
1725 759 2050 826 Parnasia
2091 781 2308 846 rupes,

674 840 806 904 Nec
851 849 1101 904 tantum
1141 839 1458 929 Rhodope
1502 847 1772 909 miratur
1816 853 1879 908 et
1919 844 2210 909 Ismarus
2258 841 2547 932 Orphea.
2946 851 3013 901 3⁰

670 1111 764 1161 tur
797 1107 1022 1177 fugisse.
1093 1107 1345 1162 Ceterum
1381 1107 1447 1161 de
1480 1108 1535 1162 h.
1571 1107 1609 1162 1.
1647 1109 1713 1162 cf.
1753 1107 1965 1163 Ladew.
2003 1107 2188 1177 Progr.
2266 1111 2400 1172 ‚10.‚
2440 1111 2628 1164 contra
2661 1105 2869 1162 Peerlk.
2905 1105 3015 1159 dis·

670 1178 883 1245 putans.
906 1207 972 1215 —
1005 1171 1206 1236 2526.
1250 1173 1586 1240 Carmina,
1612 1177 2071 1240 --coqnoscite
2114 1176 2197 1230 Cf.
2299 1184 2446 1245 gum:
2474 1176 2655 1246 ibique
2691 1177 3013 1239 notam*”).

670 1243 874 1297 voltis
908 1243 1099 1312 Wagn.
1138 1242 1253 1296 Vol.
1283 1242 1347 1296 V.
1387 1248 1442 1297 ct
1475 1244 1870 1299 recentissimos
1907 1243 2060 1298 editt.
2097 1244 2267 1297 secuti
2302 1244 2630 1314 scripsimus,
2701 1243 2785 1299 Cf.
2822 1242 3012 1313 Wagn.

671 1310 824 1366 Orth.
862 1311 1021 1373 Vera.
1057 1327 1109 1380 p.
1146 1314 1243 1364 445
1279 1327 1397 1380 sqq.
1439 1315 1518 1366 set
1550 1311 1804 1366 Ribbeck.
1844 1311 2057 1380 Proleg.
2093 1328 2147 1381 p.
2184 1314 2282 1365 437
2318 1314 2459 1382 sqq)
2500 1344 2566 1352 -
2601 1312 2792 1366 vobis
2828 1310 3014 1365 (Chro-

670 1379 798 1433 midi
834 1382 890 1432 et
925 1377 1194 1446 Mnasyloz
1243 1378 1503 1433 mercedis
1539 1379 1679 1433 loco.
1721 1396 1879 1448 quam
1918 1396 2004 1433 me
2040 1378 2318 1434 vinciendo
2354 1379 2532 1433 meriti
2571 1380 2720 1436 estis.
2759 1379 3013 1436 carmina⁹

670 1463 807 1517 quae
837 1446 1086 1515 poscitis,
1125 1462 1339 1500 canam:
1392 1449 1565 1504 huie.
1606 1447 1832 1512 Aeglae.
1909 1463 2010 1502 uae
2044 1463 2128 1501 me
2165 1447 2360 1517 pinxit,
2413 1446 2578 1500 aliam
2619 1446 2916 1501 mercedem
2949 1478 3014 1487 --

669 1530 794 1568 nam
834 1514 950 1569 ..vis
987 1530 1092 1594 non
1133 1513 1350 1578 ingrata
1384 1514 1617 1585 puellis“
1657 1544 1721 1553 ——
1759 1531 1892 1595 para
1923 1532 2007 1595 ‘m
2053 1515 2263 1596 habeo:-
2298 1531 2460 1593 quam
2496 1517 2679 1595 tamen
2716 1513 3016 1594 honestatis

670 1581 1083 1704 ffiffmmsmgmffin
1084 1584 1640 1730 ζὶἣῖῗᾛέἔῖεῗ
1677 1583 2148 1707 ἓήέηἰὲιὼὲῗέὲῃῑιῖ
2184 1583 2366 1705 {m
2374 1582 2569 1705 ‘5313‘
2602 1580 3015 1718 ..55515ῖῖ

671 1717 809 1788 quod
845 1716 1129 1839 externplo.
1246 1717 1318 1772 id.
1359 1718 1486 1774 Geo,
1521 1719 1615 1773 IV.
1654 1723 1770 1774 359.
1808 1723 1925 1774 381.
1981 1720 2108 1773 Aen.
2143 1718 2246 1782 IX,
2284 1722 2400 1773 221.
2442 1721 2561 1772 303.
2596 1720 2712 1772 324.
2747 1720 2863 1771 423.
2899 1721 3015 1771 561.

670 1789 787 1840 644.
825 1785 898 1844 X.
941 1789 1005 1840 85
1047 1828 1058 1839 .
1101 1788 1157 1840 et
1191 1786 1258 1840 cf.
1297 1786 1489 1858 Wagn.
1527 1786 1595 1842 ad
1634 1789 1762 1842 Aen.
1798 1787 1961 1842 VIII.
2002 1791 2049 1840 3.
2093 1789 2148 1841 et
2185 1788 2241 1842 iu
2277 1787 2496 1852 Quaest.
2536 1784 2687 1854 Virg.
2722 1784 2929 1844 XXIX,
2967 1789 3015 1838 5.

669 1885 736 1975 {f
769 1852 1946 1976 ³}‚P⁸⁶002¹.¹Lifflm·t¹3¹²?5¹1¹>{2¹230‘53⁰³3.i”55„‘5³33
1997 1853 2567 1977 ”⁰5²‘⁸·‘}2'²²·“⁶”{
2618 1852 3016 1975 ’ἓωοέῑιῒῖῗ

730 1960 830 1983 ,.
1335 1939 1351 1974 ι
1666 1939 2481 1991 pazanczzae.
2930 1951 3014 1972 2.

669 1989 715 2044 Ι.
751 1991 835 2043 38.
875 1989 1269 2043 adnotavimus.
1305 2022 1371 2030 --
1404 1986 1497 2049 27.
1535 1990 1603 2043 in
1641 2007 1967 2043 numerum
1999 1940 2248 2054 ludov-²2,
2400 1938 2715 2057 rhythm‘nim
2752 1985 3015 2057 quendam

670 2056 892 2111 saltare.
962 2056 1045 2111 cf.
1086 2057 1243 2111 Lucr.
1282 2057 1364 2118 11.
1405 2062 1522 2113 630.
1558 2057 1623 2112 de
1659 2058 1971 2112 Curetibus:
2011 2059 2155 2112 inter
2199 2076 2256 2112 se
2291 2059 2578 2112 --Iaultmt
2619 2057 2680 2110 in
2719 2072 3018 2110 amna-mn-

668 2142 771 2195 que
806 2125 1095 2178 amant.
1149 2124 1407 2180 Similiter
1444 2125 1604 2191 Vera.
1644 2125 1774 2181 Geo.
1805 2124 1900 2190 IV,
1945 2130 2058 2181 174.
2096 2126 2161 2181 de
2196 2126 2359 2195 Cyclo
2397 2127 2544 2181 ibus:
2591 2125 2700 2180 mi
2732 2124 2873 2178 inter
2909 2139 3021 2177 sese

666 2209 871 2259 mamm
911 2194 974 2245 vi
1016 2192 1246 2246 brachia
1287 2196 1489 2249 tollunt
1529 2190 1597 2246 In
1631 2211 1925 2249 nnmerum.
1964 2224 2031 2233 —
2073 2194 2316 2252 Fauni.
2437 2210 2717 2248 manorum
2753 2191 2827 2246 dii
2864 2208 3019 2262 agre·

669 2263 801 2316 stes.
840 2261 933 2330 qui
968 2277 1089 2314 cum
1124 2260 1332 2329 Satyris
1366 2265 1423 2316 et
1444 2262 1681 2316 Panibus
1701 2261 2027 2317 Graecorum
2050 2279 2205 2343 saepe
2229 2261 2648 2316 confunduntur.
2718 2260 2822 2322 (Cf.
2850 2259 3015 2316 Orell.

670 2328 741 2383 ad
776 2327 905 2382 Hor.
940 2326 1042 2384 Od.
1077 2327 1130 2390 Ι.
1173 2332 1250 2382 17.
1292 2332 1358 2382 m
1426 2330 1674 2384 Artifices
1718 2335 1904 2383 tamen
1957 2333 2312 2399 posteriorum
2368 2333 2673 2398 temporum
2713 2328 3020 2384 Faunorum

671 2411 893 2465 corpora
928 2395 1194 2451 humanae
1228 2396 1431 2451 formae
1471 2397 1729 2451 similiora
1769 2398 2065 2462 fingebant,
2106 2414 2268 2468 quam
2290 2397 2620 2466 Satyrorum,
2659 2398 2740 2451 ita
2772 2400 2838 2452 ut
2869 2396 3018 2451 brevi

669 2467 889 2521 tantum
924 2464 1099 2519 cauda
1133 2479 1196 2519 ca
1234 2464 1367 2519 rina.
1406 2465 1628 2520 auribus
1667 2465 1989 2520 acuminatis
2024 2469 2081 2520 et
2116 2466 2265 2520 simis
2301 2466 2522 2520 naribus
2546 2465 2616 2520 ab
2640 2464 2876 2521 humana
2966 2481 3021 2520 e·

672 2534 751 2588 cie
797 2531 1092 2587 differrent.
1233 2576 1245 2587 .
1280 2533 1465 2602 Heyne
1501 2534 1797 2602 Antiqvmr.
1837 2535 2002 2601 Ausa.
2048 2533 2108 2588 T.
2145 2534 2219 2589 Π.
2306 2575 2318 2587 .
2359 2537 2442 2588 53.
2487 2536 2546 2588 et
2586 2533 2736 2589 Voss.
2783 2533 2868 2601 M²
2926 2535 3020 2588 col.

673 2600 879 2682 ssrt'fse
901 2599 962 2653 T.
988 2599 1063 2654 11.
1090 2616 1142 2669 p.
1162 2603 1278 2655 252.
1298 2632 1363 2641 -
1404 2600 1658 2682 „Fam-ie
1680 2551 2481 2682 saltantibuctadiungissseras
2500 2601 2777 2682 calafatas,
2813 2603 2871 2655 et
2893 2602 3019 2655 sub·

669 2672 1350 2816 ffitfflffimffi
1385 2686 1701 2791 §3333
1718 2672 3019 2818 νέῗιῖριέῗῗέῗιὶξὲἓιέῑῗὲὲ“«ἷξίᾀὲοῗᾞίᾚ;

670 2808 783 2858 tem
820 2803 951 2858 haec
984 2820 1041 2856 m
1074 2804 1352 2858 modorum
1388 2807 1648 2859 concentu
1721 2803 2015 2868 merenda,
2052 2803 2145 2858 sed
2180 2821 2236 2858 111
2271 2808 2580 2869 arzumenn
2613 2804 2839 2874 mythicl
2874 2820 3021 2858 novi-

672 2875 789 2926 tate
823 2874 879 2925 et
921 2870 1229 2926 fabularum
1271 2873 1596 2927 suavitate.“
1713 2890 1829 2939 eyn.
1864 2905 1930 2913 —
1972 2880 2238 2928 motare.
2308 2874 2391 2928 Cf.
2435 2872 2646 2927 adnott.
2687 2872 2756 2926 ad
2799 2871 2914 2926 Ecl.
2952 2871 3017 2936 V,

672 2945 722 2994 5.
756 2938 925 3019 Pauci
957 2938 1178 3009 quidam
1212 2938 1378 2994 Codd.
1414 2949 1623 3001 nutare,
1658 2943 1721 2993 ut
1759 2941 1832 2993 sit
1870 2940 2227 3021 (inveniamus,
2263 2959 2299 2994 n
2481 2940 2767 2994 cacumina
2800 2956 2897 3009 pro
2933 2956 3018 2994 ca-

672 3006 1661 3156 0132¹⁰22¹2⁸2t22¹1⁶¹³⁸⁶¹qm⁰82⁶ffissffi3
1698 3007 2603 3156 }{;.23⁷...‘{f.3..02.232..²³{.1..1.{2
2641 3004 3017 3155 ffirmffi.

671 3142 838 3197 Godd.
874 3142 1018 3197 hunc
1055 3158 1269 3197 versum
1304 3147 1549 3213 sequitur
1590 3141 1737 3198 hicce
1779 3146 2179 3212 supposititius,
2228 3161 2288 3199 ex
2323 3144 2492 3199 Servii
2535 3143 2713 3198 verbis
2756 3158 3019 3198 consarci-

670 3213 859 3265 natust
901 3210 1173 3271 Quantum
1209 3212 1383 3265 omnia
1414 3214 1646 3265 mundus
1675 3214 1881 3279 yamlet
1910 3219 2160 3265 cantante
2186 3211 2394 3275 Sileno,
2430 3212 2524 3282 qui
2558 3212 2613 3265 in
2648 3227 2754 3265 uno
2789 3212 2869 3265 ita
2901 3227 3019 3264 mu-

670 3281 823 3333 tatus
866 3277 1096 3347 legitur:
1162 3280 1431 3338 memm
1468 3278 1658 3332 Sileno
1700 3279 1876 3331 silvae·
1911 3278 2188 3333 lacunam·
2226 3288 2436 3334 ovante.
2504 3278 2605 3334 Sed
2646 3280 2790 3332 recte
2826 3278 3016 3347 Heyn..

671 3362 987 3415 comparans
1022 3345 1137 3400 Ecl.
1172 3346 1236 3403 V.
1275 3350 1338 3401 82
1378 3364 1484 3417 sq..
1530 3347 1709 3401 docet.
1750 3363 1853 3400 non
1895 3363 2102 3417 semper
2138 3363 2248 3402 voc.
2295 3356 2500 3402 tannem
2539 3347 2726 3401 subiici
2789 3410 2790 3413 Ἴ
2874 3354 3018 3400 ntum

672 3417 729 3468 et
762 3418 967 3469 eontra.
1037 3413 1244 3470 Burm..
1294 3415 1436 3469 idem
1482 3415 1951 3484 comprobaturus.
2007 3415 2213 3470 confert
2254 3416 2380 3471 Geo.
2417 3416 2473 3473 1.
2517 3418 2629 3470 103.
2663 3417 2720 3469 et
2803 3431 2885 3469 en.
2922 3412 3017 3475 VI,

673 3485 807 3545 877..
846 3484 902 3536 et
935 3481 1127 3548 Wagn.
1176 3481 1369 3536 laudat
1404 3482 1732 3537 Lachmann.
1772 3482 1841 3536 ad
1878 3482 2036 3553 Prop.
2071 3484 2145 3541 Π.
2185 3486 2242 3542 6.
2284 3488 2331 3538 6.
2399 3483 2503 3551 (cf.
2544 3483 2733 3537 etiam.
2782 3497 2915 3552 quae
2954 3479 3019 3535 de

673 3549 771 3604 hoc
805 3548 1266 3604 additamentodis
1303 3551 1518 3621 putavit
1552 3550 1777 3605 Kalmus
1814 3550 1853 3604 l.
1889 3550 1928 3604 l.
2004 3593 2015 3605 .
2058 3555 2162 3605 113
2199 3584 2263 3592 —-
2302 3553 2597 3618 ,qaudet-
2624 3580 2648 3592 -
2673 3550 3018 3604 mirantur.

674 3618 751 3672 De
774 3617 1065 3672 Praesente
1103 3633 1199 3686 pro
1217 3616 1463 3673 Perfecto
1499 3619 1552 3671 in
1586 3618 1969 3687 comparationi
2009 3635 2074 3673 us
2112 3622 2373 3700 usurpato
2406 3617 2516 3673 vid.
2559 3618 2767 3673 adnott.
2792 3617 2860 3672 ad
2888 3617 3016 3672 Aen.

673 3685 717 3739 1.
755 3688 872 3739 316.
909 3716 976 3726 -
1009 3684 1347 3739 Parnasia
1396 3703 1608 3756 rupes.
1678 3686 1768 3740 Ita
1805 3686 2134 3741 celeberrimi
2177 3686 2337 3741 huius
2371 3687 2571 3741 montis
2604 3685 2894 3740 Phocensis
2927 3702 3018 3739 no·

672 3769 793 3807 men
829 3753 1033 3807 rectius
1065 3754 1334 3813 scribitur,
1377 3770 1539 3823 quam
1576 3753 1735 3808 litera
1772 3754 1933 3808 sibila
1971 3755 2259 3823 geminata.
2331 3755 2418 3809 Cf.
2454 3753 2669 3820 Quinct.
2707 3754 2844 3808 Inst.
2883 3753 2936 3809 1.
2971 3757 3018 3807 7.

673 3820 880 3876 Schaef.
916 3820 1100 3875 Melet.
1138 3837 1189 3890 p.
1217 3823 1263 3876 1.
1304 3821 1531 3876 Boeckh.
1571 3821 1641 3875 ad
1674 3821 1829 3875 Pind.
1871 3821 1956 3876 01.
1991 3820 2087 3885 IX,
2109 3825 2191 3877 66.
2229 3821 2425 3876 Blomf.
2466 3821 2538 3876 ad
2563 3821 2753 3876 Aesoh.
2783 3820 3018 3892 Choeph.

674 3894 789 3943 555.
844 3889 1032 3943 Heius.
1068 3887 1138 3942 ad
1173 3888 1327 3944 Ovid.
1366 3890 1495 3944 Met.
1534 3890 1579 3945 1.
1619 3892 1737 3943 467.
1797 3889 2032 3944 Broukh.
2070 3890 2137 3943 ad
2175 3889 2279 3944 Pro
2321 3932 2333 3944 .
2376 3891 2451 3949 11,
2491 3893 2575 3948 23.
2617 3893 2694 3944 13.
2751 3889 3019 3944 Drakenb.

674 3956 741 4010 ad
778 3956 908 4011 silv.
946 3955 1063 4018 XV,
1090 3960 1204 4011 311.
1243 3957 1490 4027 idemque
1528 3956 1597 4011 ad
1633 3957 1747 4011 Liv.
1780 3956 1951 4019 XLII,
1984 3961 2060 4013 16.
2093 3961 2136 4012 1.
2174 3958 2283 4012 Bac
2325 4000 2335 4011 .
2373 3957 2442 4013 ad
2482 3957 2635 4014 ovid.
2663 3958 2793 4013 Met.
2832 3957 2877 4021 Ι,
2903 3961 3016 4011 317.

674 4029 730 4078 et
766 4023 1013 4079 Schneid.
1051 4023 1146 4079 Gr.
1180 4026 1300 4079 Lat.
1338 4026 1383 4080 Ι.
1421 4043 1473 4095 p.
1510 4028 1627 4079 441.
1699 4025 1761 4078 ln
1800 4025 2037 4095 Vergilio
2074 4030 2259 4080 nostro
2298 4025 2429 4081 Cod.
2469 4026 2614 4081 Med.
2649 4027 2847 4096 ubique
2886 4025 3016 4079 11:01.

674 4091 739 4149 X.
780 4096 859 4147 11.
916 4091 1045 4147 Geo.
1080 4092 1154 4155 11,
1194 4097 1269 4148 18.
1320 4093 1431 4149 ΠΙ.
1467 4095 1607 4147 291Λ
1655 4096 1842 4148 tuetur
1876 4093 2106 4148 formam
2140 4094 2444 4148 Pmmoe.
2515 4094 2766 4149 Ceterum
2805 4093 2871 4148 de
2905 4094 2923 4146 i
2964 4110 3021 4146 so

675 4164 871 4221 monte,
909 4160 1001 4230 qui
1036 4159 1330 4215 etiamnum
1365 4161 1588 4230 antiquo
1620 4162 1834 4216 nomine
1869 4161 2191 4231 appellatur,
2229 4162 2299 4217 cf.
2335 4161 2476 4216 liber
2509 4179 2661 4217 meus
2697 4178 2878 4227 geogr.
3006 4201 3018 4214 .

674 4244 727 4298 p.
753 4230 854 4283 859
877 4245 958 4350 a
998 4258 1064 4268 —
1098 4225 1188 4288 30.
1229 4229 1583 4299 Rhodope.
1623 4228 1923 4283 altissimus
1959 4229 2215 4284 Thraciae
2253 4246 2423 4289 mons,
2463 4230 2534 4285 ab
2574 4231 2619 4285 Α
2658 4228 2855 4284 ollonia
2889 4229 3022 4283 urbe

674 4311 841 4366 usque
999 4294 1232 4351 Pontum
1276 4297 1541 4352 Euxinum
1655 4298 1886 4356 rtinens.
1941 4298 1994 4351 in
2075 4315 2142 4351 uo
2180 4297 2424 4367 Orpheus
2460 4297 2607 4355 Eurv
2647 4299 2751 4351 ‘ees
2793 4298 3021 4351 mortem

677 4363 1006 4434 deplorabat.
1078 4362 1201 4419 Vid.
1238 4364 1392 4420 Ovid.
1416 4364 1549 4420 Met.
1636 4405 1649 4425 ,
1676 4368 1790 4419 222.
1827 4365 1895 4423 Χ.
1919 4368 2000 4419 77.
2037 4314 2117 4420 gs.
2160 4365 2225 4420 de
2263 4383 2340 4423 eo.
2385 4366 2477 4436 qui
2516 4354 2679 4421 etiam
2715 4364 2827 4418 Ecl.
2863 4364 3019 4427 VIII,

673 4434 756 4486 44.
795 4431 923 4486 Geo.
962 4432 1009 4485 Ι.
1048 4435 1162 4486 332.
1200 4432 1303 4491 ΠΙ.
1341 4436 1456 4487 351.
1493 4436 1609 4488 462.
1654 4433 1747 4489 IV.
1787 4436 1905 4487 461.
1942 4437 2388 4488 commemoratur
2426 4436 2483 4488 et
2515 4449 2656 4489 nunc
2693 4433 2942 4504 Despoto
2977 4451 3020 4487 s.

680 4498 903 4568 Tur-qam
936 4500 1102 4565 Daqlv
1138 4504 1377 4565 vocatur,
1411 4500 1550 4555 liber
1586 4518 1735 4556 meus
1777 4500 1933 4555 modo
1972 4518 2161 4557 comm.
2197 4501 2299 4557 111.
2375 4542 2388 4555 .
2431 4506 2577 4557 1052.
2619 4533 2684 4542 --
2718 4502 3018 4555 miratur.

677 4566 712 4619 S
748 4571 864 4622 reta
905 4565 1036 4622 Cod.
1080 4568 1232 4623 Rom.
1278 4569 1609 4639 aliorumque
1653 4570 1708 4623 et
1752 4569 1880 4624 Iulii
1925 4569 2192 4625 Rufiniani
2237 4587 2289 4639 p.
2371 4574 2453 4624 45.
2512 4569 2835 4626 auctoritate
2888 4568 3020 4623 Cod.

733 4634 813 4690 ed.
847 4637 1225 4705 optemperans
1261 4654 1381 4692 cum
1421 4637 1801 4692 recentissimis
1845 4636 2004 4693 editt.
2038 4637 2276 4692 revocavi
2323 4637 2464 4693 hanc
2499 4638 2799 4694 lectionem.
2842 4635 2926 4691 cui
2963 4636 3020 4689 in
