3616 5026
1443 247 1969 317 GEORGIOON
2007 249 2173 317 LIB.
2217 249 2336 315 ΠΙ.
2949 249 3070 314 409

729 419 1006 485 Femina
1046 440 1169 483 nec
1208 440 1542 484 nemorum
1587 418 1830 505 patitur
1867 418 2237 483 meminisse
2277 438 2400 482 nec
2442 414 2686 481 herbae

732 501 1051 568 Dulcibus
1096 500 1210 567 illa
1251 501 1511 589 quidem
1554 500 1896 567 inlecebris
1942 510 2005 566 et
2053 523 2250 586 saepe
2293 499 2614 588 superbos

734 585 1059 651 Cornibus
1104 587 1270 651 inter
1314 607 1385 650 se
1426 586 1672 671 subigit
1713 584 2061 651 decernere
2100 585 2395 649 amantis,

731 669 1033 736 Pascitur
1075 670 1144 734 in
1186 691 1425 756 magna
1467 668 1605 735 Sila
1644 669 1930 735 formosa
1971 670 2274 735 iuvenca:

729 971 894 1026 Antii.
929 972 1052 1026 Lat.
1083 971 1267 1028 Burin.
1303 972 1345 1038 1,
1390 975 1501 1037 170,
1542 975 1656 1027 132.
1727 972 2032 1028 Οἰωιιεω
2065 974 2194 1029 Aen.
2232 972 2325 1033 1v,
2353 976 2403 1027 2.
2443 987 2607 1027 caeco
2642 970 2896 1041 carpitur
2933 970 3069 1039 iqui.

730 1041 1302 1163 finssfflffffiffi
1347 1041 1719 1168 {3¹3⁸“mst213
1729 1043 2138 1179 ‘miza’
2164 1040 2350 1164 ἓξὲξ.
2381 1057 2551 1163 {mmm
2580 1054 2728 1161 3³:1¹3.
2748 1037 3073 1175 ζὲᾶξξρηὲἷε,

730 1180 1320 1306 ΞΟΞἺἭἭΨΓῬ
1350 1176 2663 1324 §asservatum-cfiffiffiffi:
2705 1174 2978 1321 ἔξρῑέἕίξ
3012 1192 3072 1312 {³2

730 1328 852 1380 neg.
888 1311 962 1374 Π,
999 1315 1065 1365 43
1100 1331 1181 1383 sq.
1303 1313 1560 1367 elevunus
1602 1317 1782 1368 autem
1816 1329 1957 1367 nunc
1993 1330 2114 1368 cum
2148 1314 2252 1367 Rib
2321 1313 2463 1374 citio,
2499 1310 2712 1366 Ladew.
2750 1314 2805 1364 et
2838 1309 3070 1380 Comag-

729 1385 854 1435 tone
891 1379 1160 1435 Punctum
1204 1382 1352 1450 prius
1395 1384 1518 1450 post
1551 1382 1745 1435 herbae
1778 1381 2029 1450 positum,
2070 1384 2135 1436 ut
2174 1381 2261 1435 hic
2303 1397 2487 1436 versus
2530 1394 2651 1432 cum
2697 1377 3027 1457 superioribu
3047 1397 3072 1430 s

729 1448 1062 1508 cohaereret:
1099 1448 1397 1504 Pronomen
1436 1449 1578 1504 enim
1612 1449 1706 1502 ille
1742 1449 2015 1504 interdum
2048 1450 2199 1505 nulla
2232 1449 2340 1505 alia
2376 1449 2441 1503 de
2466 1463 2630 1501 causa
2657 1445 2924 1508 adiicitur,
2962 1447 3071 1500 nisi

732 1519 794 1568 ut
825 1533 886 1570 eo
922 1517 1092 1570 oratio
1126 1519 1224 1570 fiat
1264 1518 1450 1571 fortior
1484 1518 1540 1571 et
1575 1516 1798 1570 vividior
1833 1518 2247 1587 Subiectumque
2285 1516 2607 1571 antecedens
2647 1514 2819 1580 magis
2857 1529 3066 1581 prema-

730 1589 821 1637 tur
857 1584 948 1648 (cf.
990 1583 1118 1641 GeO.
1153 1585 1225 1648 ΙΙ,
1263 1588 1379 1639 434.
1420 1586 1550 1639 Aen.
1588 1585 1652 1644 V,
1693 1588 1808 1638 457.
1848 1588 1903 1639 et
1937 1586 2126 1652 Wagn.
2164 1586 2260 1652 Qu.
2299 1585 2450 1650 virg.
2486 1583 2630 1638 XXI.
2664 1599 2720 1661 p.
2758 1584 2924 1644 603.):
2969 1583 3069 1636 ille

731 1652 951 1720 quidem
1000 1656 1184 1706 autem
1229 1653 1312 1706 hic
1357 1654 1466 1707 fere
1500 1653 1608 1706 vim
1644 1651 1811 1707 habet
1844 1653 2149 1709 Particulae
2183 1653 2455 1723 quamvis,
2503 1655 2568 1705 ut
2603 1652 2765 1704 etiam
2801 1649 2934 1703 Aen.
2971 1650 3066 1712 IX,

732 1722 849 1774 796.
889 1722 946 1774 et
979 1719 1045 1781 X,
1083 1723 1198 1775 385.
1266 1722 1517 1775 Ceterum
1553 1721 1718 1775 verba
1751 1721 2026 1775 Dulcibus
2061 1722 2169 1776 illa
2201 1722 2424 1791 quidem
2461 1718 2752 1773 inlecebris
2802 1719 3070 1772 iterantur

731 1787 784 1840 in
814 1787 982 1841 Anth.
1025 1787 1146 1842 Lat.
1182 1789 1365 1843 Burni.
1405 1790 1458 1850 I,
1502 1792 1578 1851 14,
1616 1793 1666 1842 4.
1706 1819 1772 1827 —
1807 1796 1866 1842 et
1896 1807 2091 1860 saepe
2128 1806 2248 1859 pro:
2297 1794 2354 1844 ct
2390 1804 2548 1857 saepe
2587 1786 2803 1855 quidem
2841 1785 2932 1851 (cf.
2972 1786 3070 1840 ad-

730 1858 869 1908 nott.
905 1855 974 1909 ad
1010 1856 1140 1910 Aen.
1179 1856 1252 1918 11,
1289 1860 1423 1916 86.);
1470 1856 1516 1909 si
1560 1857 1700 1911 enini
1735 1864 1787 1910 et
1835 1856 2056 1927 simplex
2093 1858 2299 1927 Copula
2336 1857 2627 1911 haberetur
2679 1861 2695 1918 (
2737 1870 2862 1907 uam
2892 1854 3073 1933 profe-

732 1926 816 1976 cto
855 1939 1009 1977 nemo
1045 1923 1188 1979 dicet
1235 1926 1482 2005 quintum
1529 1942 1624 1994 pro
1669 1924 1841 1994 primo
1875 1925 2052 1980 locum
2089 1927 2396 1995 occupare).
2444 1925 2577 1978 haec
2613 1939 2710 1992 pro
2749 1922 2853 1975 iret
2889 1927 3074 1992 inepta

733 1991 1023 2045 sententia:
1063 2008 1224 2047 vacca
1246 1993 1512 2047 illecebris
1540 1999 1594 2046 et
1632 2008 1787 2062 saepe
1824 1994 2072 2047 cornibus
2105 1994 2216 2047 suis
2251 1993 2458 2060 subigit
2490 1995 2679 2046 tauros
2711 1991 2854 2044 inter
2887 2006 2943 2042 se
2980 1990 3072 2044 ‹le-

732 2074 960 2113 cernere.
1029 2058 1238 2114 Peerlk.
1277 2065 1457 2115 tamen
1493 2078 1544 2131 p.
1584 2064 1698 2114 248.
1736 2077 1833 2130 pro
1871 2069 1921 2115 et
1957 2061 2170 2116 coniicit
2202 2068 2279 2126 ut,
2317 2061 2471 2127 signo
2507 2057 2838 2114 exclamandi
2874 2058 2927 2111 in
2968 2059 3072 2112 fine

731 2143 779 2181 v.
816 2129 933 2180 218.
952 2127 1162 2212 posito.
1199 2161 1263 2169 -
1321 2126 1446 2188 218.
1504 2129 1710 2191 „Totus
1744 2145 1932 2184 versus
1973 2145 2140 2184 unum
2186 2129 2324 2184 illud
2358 2125 2629 2198 Apollonii
2664 2126 2745 2188 H,
2785 2130 2866 2180 89.
2902 2127 3074 2195 expri-

731 2195 856 2248 mit:
909 2214 1042 2261 ηυτε
1092 2195 1276 2267 ταύρω
1319 2194 1606 2266 φορβάδος
1652 2197 1799 2265 ἀμφὶ
1835 2198 1965 2262 βοὸς
2000 2198 2291 2263 κεκοτηότε
2330 2195 2741 2263 δεριάασθον.“
2793 2194 2969 2262 Heyn.
3007 2224 3070 2233 —-

730 2259 856 2321 219.
884 2263 1217 2333 pascitur.
1262 2264 1438 2319 Vacca
1469 2265 1763 2334 tranquille
1800 2281 2024 2334 pascens
2060 2266 2195 2319 bene
2230 2266 2518 2334 opponitur
2540 2263 2714 2317 tauris
2738 2262 3071 2341 certantibus

732 2331 1070 2398 sequentium
1105 2347 1373 2386 versuum.
1444 2332 1580 2385 Vide
1615 2337 1813 2388 autem.
1854 2349 2015 2401 quain
2057 2336 2182 2402 apte
2218 2335 2382 2387 etiam
2416 2331 2627 2386 numeri
2650 2331 2865 2398 utrique
2890 2345 3068 2383 reruni

733 2397 1020 2452 conditioni
1069 2400 1438 2470 respondeant.
1512 2400 1655 2462 „Pro
1700 2401 1914 2468 ingrato
1962 2405 2018 2455 et
2065 2401 2239 2455 ieiuno
2280 2402 2427 2455 sz'lva
2479 2397 2639 2469 [quod
2688 2414 2870 2452 omnes
2905 2397 3072 2451 Codd.

734 2466 984 2522 videntur
1004 2466 1266 2531 exhibere,
1307 2469 1387 2523 ita
1407 2471 1590 2524 tamen
1619 2473 1682 2522 ut
1716 2468 1769 2523 in
1792 2468 1981 2523 Medic.
2016 2468 2064 2525 U
2125 2471 2285 2524 uncto
2318 2474 2539 2524 notetur
2576 2469 2853 2547 tamquam
2890 2465 3071 2521 delen·

733 2534 881 2603 dum]
914 2536 1129 2591 Servius
1166 2542 1429 2592 memorat
1470 2536 1600 2590 olim
1635 2536 1837 2591 lectum
1869 2538 2037 2592 fuisse
2071 2486 2251 2603 gila,
2300 2538 2441 2607 quod
2481 2540 2643 2607 poeta
2679 2534 3076 2604 dignissimum.

737 2602 870 2657 Erat
906 2620 970 2659 ea
1003 2603 1142 2658 silva
1182 2610 1240 2658 et
1277 2621 1431 2658 mons
1464 2603 1668 2658 Bruttii
1703 2605 1755 2659 in
1792 2608 2031 2659 extrema
2062 2605 2244 2667 Italia,
2281 2610 2410 2659 nota
2444 2606 2532 2660 vel
2567 2620 2594 2658 e
2631 2603 2739 2657 Cic.
2778 2603 2950 2657 Bruto
2989 2605 3073 2656 20.

732 2669 872 2724 Plin.
909 2671 1013 2733 111,
1051 2673 1120 2741 [5.
1171 2675 1248 2726 10.
1287 2672 1368 2725 Cf.
1406 2673 1537 2726 Aen.
1573 2671 1695 2731 XII.
1733 2677 1849 2726 715.
1887 2673 2073 2740 inyem
2109 2672 2234 2727 Sica
2269 2674 2380 2742 [ubi
2416 2673 2522 2727 vid.
2560 2669 2851 2737 adnott.].“
2896 2671 3071 2738 Heyu.

733 2738 1049 2794 Rectissime
1139 2756 1257 2809 eyn.
1295 2739 1432 2794 hanc
1456 2740 1762 2794 Servianani
1803 2739 2085 2795 lectionem
2121 2741 2379 2803 restituit,
2419 2757 2577 2810 quem
2612 2738 2933 2808 posteriores
2962 2737 3073 2792 edi·

735 2810 878 2860 tores
913 2808 1027 2861 iure
1062 2809 1230 2862 secuti
1266 2813 1419 2868 sunt,
1470 2824 1608 2869 cum,
1645 2808 1910 2873 Wagnero
1954 2824 2164 2878 quoque
2206 2808 2406 2869 iudice,
2448 2807 2657 2863 numeri
2695 2805 2854 2860 huius
2888 2821 3075 2860 versus

732 2874 1146 2997 2323ssssssss
1179 2876 1356 2998 222?ss
1390 2879 1828 2998 Zssnissffiim
1865 2876 2333 2999 ffedeffimii‘r
2385 2873 3076 3007 “ffimffmffli’fissi

1711 2984 1723 2997 .
1759 2973 1826 2983 —
1931 2961 2013 2999 em
2166 2961 2230 2999 en
2447 2983 2461 2998 .

734 3011 843 3063 iam
876 3010 1081 3079 Heynio
1127 3011 1288 3065 nimis
1333 3012 1512 3065 tenuis
1554 3014 1610 3065 et
1643 3027 1771 3065 sono
1807 3011 1986 3066 minus
2119 3016 2210 3065 tus
2245 2961 2442 3066 visggn
2431 3014 2574 3076 erat,
2619 3013 2685 3064 ut
2718 3026 2840 3064 eum
2876 2959 3072 3078 expila-

735 3081 882 3132 ctum
925 3077 1140 3142 mallet,
1193 3082 1335 3134 recte
1379 3081 1561 3134 autem
1599 3095 1632 3132 a
1665 3077 1872 3133 Wakef.
1908 3080 1977 3133 ad
2082 3078 2172 3149 ph.
2209 3079 2398 3134 Trach.
2439 3084 2557 3135 531.
2593 3096 2646 3147 p.
2685 3080 2800 3131 250.
2840 3076 2922 3132 ed.
2961 3077 3071 3130 Ers.

734 3150 921 3200 contra
955 3162 1077 3200 eum
1112 3146 1362 3201 defensus
1398 3150 1522 3209 est),
1562 3149 1629 3199 ut
1650 3147 1923 3214 ingratam
1948 3163 2150 3202 moram
2182 3148 2477 3202 narrationi
2514 3146 2851 3201 obiicientem
2885 3145 3073 3199 abesse

733 3212 892 3267 malit
929 3214 1263 3284 marginique
1298 3214 1632 3283 adscriptum
1667 3214 1971 3284 suspicatur
1998 3232 2058 3269 ex
2096 3215 2200 3270 alio
2228 3216 2460 3285 quodam
2488 3216 2724 3270 carmine
2748 3213 2923 3267 simile
2948 3216 3070 3266 tau-

733 3297 914 3336 rorum
959 3298 1121 3362 super
1164 3283 1237 3338 ali
1275 3299 1346 3336 ua
1391 3298 1552 3336 vacca
1586 3285 1854 3336 certamen
1899 3283 2204 3338 continente
2242 3287 2297 3338 et
2330 3285 2401 3337 ab
2435 3283 2535 3337 hoc
2578 3283 2694 3363 ipso
2734 3297 2892 3335 versu
2926 3297 3072 3334 exor-

733 3349 882 3403 dium
918 3354 1176 3419 capiente.
1316 3350 1349 3404 d
1397 3350 1642 3419 quamvis
1685 3367 1788 3403 non
1834 3350 2167 3417 negaverim,
2223 3351 2457 3421 aliquam
2508 3367 2620 3405 veri
2665 3349 2897 3419 speciem
2936 3347 3075 3402 hanc

734 3417 1092 3472 coniecturam
1127 3434 1254 3488 prae
1291 3435 1348 3472 se
1385 3419 1525 3472 ferre
1560 3418 1842 3488 (imprimis
1868 3434 1987 3472 cum
2012 3417 2100 3472 hic
2124 3434 2309 3473 versus
2340 3420 2397 3472 in
2423 3419 2487 3473 Li
2529 3436 2574 3472 ε.
2613 3419 2687 3473 11.
2797 3418 2851 3471 st
2885 3432 2936 3472 v.
2957 3419 3073 3471 221.

734 3487 1007 3549 iteretur),
1066 3489 1246 3540 tamen
1290 3489 1347 3540 et
1389 3486 1625 3552 omnium
1668 3486 1833 3539 Codd.
1879 3503 2193 3549 consensus,
2247 3491 2303 3542 et
2338 3503 2445 3567 par
2525 3486 2643 3542 elus
2684 3486 2698 3499 '
2747 3502 2776 3540 e
2810 3484 3075 3540 Aeneidos

732 3553 907 3615 locus.
956 3571 1024 3608 ne
1071 3554 1314 3675 cupidius
1352 3569 1470 3608 eam
1503 3552 1916 3622 amplectamur,
1954 3553 2267 3610 dissuadere
2300 3555 2567 3610 videntur.
2628 3554 2848 3609 Minime
2891 3558 3074 3607 autem

741 3622 966 3676 otiosum
991 3637 1107 3676 esse
1169 3638 1273 3676 unc
1307 3637 1517 3676 versum
1557 3637 1724 3690 neque
1759 3622 2029 3686 ing-ratam
2063 3624 2356 3678 narrationi
2392 3639 2599 3677 morani
2639 3622 2881 3683 obiicere,
2919 3621 3070 3675 Iahn.

739 3689 842 3744 iam
877 3689 1078 3749 docuit,
1119 3689 1241 3744 coll.
1276 3691 1408 3744 Aen.
1445 3689 1490 3749 Ι,
1533 3692 1650 3743 530.
1686 3689 1759 3751 Π,
1798 3693 1913 3744 713.
1953 3689 2054 3753 ΠΙ,
2095 3694 2208 3745 163.
2252 3690 2343 3753 IV,
2380 3694 2497 3746 481.
2535 3691 2600 3756 V,
2645 3694 2756 3744 124.
2798 3689 2921 3751 VII,
2959 3692 3075 3742 563.

739 3756 892 3821 vm,
929 3761 1072 3820 597..
1121 3761 1306 3827 poetas
1350 3773 1437 3812 am
1476 3757 1662 3811 liorem
1705 3757 1780 3811 rei
1831 3757 2108 3812 cuiusdam
2158 3759 2568 3828 descriptionem
2613 3773 2996 3829 saepenumero
3042 3774 3076 3811 a

733 3825 836 3879 loci
877 3826 1154 3879 notatione
1181 3825 1408 3880 exordiri
1467 3828 1823 3880 emonstrans.
1893 3824 2098 3890 Quibus
2132 3825 2287 3883 adde.
2325 3842 2461 3895 quae
2485 3826 2742 3881 Ribbeck.
2781 3826 2834 3879 in
2858 3824 3072 3893 Proleg.

732 3911 786 3964 p.
826 3896 929 3958 31„
967 3909 1181 3947 versum
1216 3892 1523 3953 defendens,
1561 3893 1812 3956 adnotat,
1851 3894 2089 3947 subitum
2125 3896 2403 3948 taurorum
2439 3898 2732 3963 conspecta
2767 3891 2954 3963 procul
2990 3893 3073 3946 iu·

733 3977 899 4016 venca
941 3966 1212 4015 certamen
1255 3977 1361 4016 non
1408 3961 1648 4031 potuisse
1695 3961 1871 4015 acrius
1922 3961 2162 4030 depingi,
2209 3978 2367 4032 quam
2417 3964 2618 4016 omissa
2663 3962 2806 4015 omni
2849 3962 2992 4015 inter
3024 3978 3072 4014 v.

734 4035 851 4084 219.
889 4033 946 4082 et
983 4031 1099 4108 220.
1134 4029 1354 4098 Copula.
1424 4028 1509 4082 cf.
1548 4030 1710 4083 etiam
1751 4029 1920 4083 eiusd.
1958 4029 2102 4083 Lect.
2140 4029 2299 4095 Verg.
2336 4047 2385 4099 p.
2426 4035 2475 4085 5.
2548 4031 2692 4095 (Non
2727 4033 2907 4083 tamen
2944 4029 3074 4083 reti-

735 4096 986 4159 cendum,
1034 4113 1090 4149 in
1133 4099 1408 4152 recentiss.
1457 4096 1585 4152 edit.
1630 4097 1955 4165 Wagnerum
2005 4101 2219 4152 mutata
2264 4099 2534 4153 sententia
2580 4097 2898 4152 asteriscum
2951 4096 3075 4150 huic

735 4166 910 4219 versui
947 4165 1220 4234 appictum
1257 4165 1561 4220 removisse.
1632 4163 1715 4218 cf.
1750 4165 1913 4219 etiam
1953 4164 2067 4219 eius
2101 4165 2245 4219 Lect.
2276 4164 2434 4235 Verg.
2474 4167 2528 4220 in
2567 4165 2765 4220 Philol.
2805 4166 2879 4218 Su
2916 4163 2991 4234 pl.
3032 4165 3075 4219 1.

735 4252 788 4312 p.
825 4236 964 4287 314.ι
1038 4233 1288 4288 Ceterum
1334 4233 1399 4286 de
1434 4232 1545 4287 Sila
1580 4238 1787 4295 monte,
1826 4234 1883 4286 et
1918 4233 2079 4287 boum
2114 4234 2368 4301 gregibus
2406 4237 2462 4287 et
2494 4234 2610 4304 pice
2649 4250 2748 4287 sua
2786 4232 2897 4287 cele
2937 4238 3073 4295 rato,

735 4317 841 4355 ω
1081 4301 1149 4354 ..1
1185 4300 1317 4423 a
1351 4300 1583 4422 ἓ...
1626 4317 1799 4421 rr
2116 4303 2318 4422 ”sm
2352 4301 2481 4422 *ΞΜ
2502 4301 3075 4439 ...memmius-

735 4385 968 4490 Itzllidm
1001 4384 1271 4503 πιῗσῖινᾶω,
1310 4385 1535 4501 H,m251.
1562 4384 2017 4505 ’ωῗιόνάθῗῇαᾰηῗὴ
2054 4412 2147 4499 VI,
2192 4386 2397 4492 &geraza
2412 4389 2719 4518 ⁷2QO
2750 4410 2965 4501 silvcibu
3007 4388 3074 4498 VO,

743 4508 854 4559 179.
892 4504 1141 4557 lamet-ds
1173 4506 1313 4559 lato's
1349 4508 1405 4558 et
1441 4504 1657 4558 similia.
1726 4503 1873 4557 Alibi
1906 4506 2101 4559 vitiosa
2136 4504 2379 4574 putanda
2413 4522 2531 4560 esse
2565 4522 2621 4559 in
2657 4503 2896 4573 Vergilio
2931 4505 3075 4574 pari-

735 4580 822 4627 ter
858 4571 1109 4626 cadentia
1140 4572 1492 4628 substantiva
1526 4574 1582 4626 et
1616 4570 1858 4641 epitheta
1889 4574 2040 4628 iuxta
2076 4589 2134 4627 se
2170 4572 2364 4644 posita,
2402 4573 2448 4628 si
2484 4589 2668 4628 eorum
2705 4573 2929 4628 ultimae
2965 4571 3074 4642 syl-

737 4640 892 4696 labae
926 4640 1028 4694 sub
1061 4639 1227 4695 ictum
1265 4642 1500 4703 veniant,
1537 4640 1730 4707 Wagn.
1769 4639 1926 4696 docet
1962 4641 2061 4708 Qu.
2099 4640 2251 4711 virg.
2284 4640 2539 4707 xxxm,
2564 4644 2632 4703 8.,
2670 4641 2757 4697 cui
2789 4641 2953 4697 etiam
2987 4657 3075 4696 ex·
