3616 5026
652 196 772 260 332
1344 198 1421 266 P.
1464 197 1832 267 VERGILI
1862 201 2270 296 'motus

651 356 767 424 Sin
809 362 1069 428 tumulis
1115 364 1367 429 adclive
1409 364 1613 431 solum
1657 367 1966 458 collisque
2010 372 2295 458 supinos,

647 441 919 532 Indulge
959 447 1313 534 ordinibus,
1358 470 1479 515 nec
1520 452 1716 516 setius
1760 456 1969 520 omnis
2014 456 2083 519 in
2125 476 2405 540 unguem

647 716 710 777 V,
749 720 832 771 69.
902 716 1152 772 Ceterum
1186 717 1355 787 Heyn.
1395 721 1722 791 suspicatur,
1760 722 1996 791 Vergilio
2030 722 2118 777 hic
2154 724 2278 776 ante
2316 720 2492 775 oculos
2527 721 2694 779 fuisse
2727 724 2966 795 Xenoph.

646 784 836 839 Oecon.
873 800 918 839 c.
962 788 1039 848 ¹7,
1068 788 1248 839 8—11.
1282 818 1346 827 -
1380 785 1510 849 276.
1547 789 1667 841 Sin
1706 791 1977 845 metabere
2009 792 2216 844 solum
2248 791 2503 844 acclive
2537 792 2819 859 tumulis,
2856 793 2892 847 i.
2919 809 2965 847 e.

643 851 712 906 ad
746 852 1017 907 tumulum
1051 869 1355 924 assurgens.
1392 889 1458 897 —
1490 856 1594 911 Pro
1629 860 1906 927 supinos
1940 858 2143 911 Nonius
2182 875 2226 912 s.
2264 874 2312 912 v,
2347 856 2634 928 Indulgere
2669 876 2718 928 p.
2757 864 2873 915 326.
2912 868 2969 916 et

643 919 893 975 Parrhas.
931 922 1121 990 supini
1154 935 1245 985 (sc.
1279 924 1381 977 tibi
1422 927 1587 984 sunt).
1657 925 1758 978 Sed
1797 924 2078 994 vulgatam
2111 929 2324 995 praeter
2357 929 2559 980 ceteros
2597 925 2763 980 libros
2787 945 2968 984 omnes

643 991 828 1043 tuetur
864 987 1028 1041 etiam
1064 988 1235 1044 Schol.
1274 991 1471 1060 Cruqu.
1507 992 1635 1046 Hor.
1675 992 1770 1047 Od.
1813 992 1914 1054 111,
1951 997 2003 1046 4.
2040 1022 2107 1030 —
2143 990 2274 1052 277.
2305 989 2439 1052 278.
2478 993 2832 1073 ,,Ιπιίιιῑρεε
2865 1016 2968 1051 or-

643 1055 912 1110 dinibus
957 1057 1012 1108 et
1047 1057 1118 1119 is,
1159 1058 1247 1128 qui
1282 1059 1382 1112 sim
1419 1057 1596 1114 liciter
1628 1060 1761 1114 facit
1794 1060 2023 1122 ordines,
2062 1063 2117 1115 et
2155 1060 2218 1124 is,
2259 1060 2350 1130 qui
2386 1059 2611 1116 laxiores
2647 1077 2708 1114 ac
2744 1065 2968 1119 rariores

642 1123 796 1187 facit,
844 1124 1056 1190 magnis
1096 1126 1286 1196 spatiis
1329 1142 1386 1180 re
1414 1126 1557 1192 'ctis‚
1605 1133 1669 1181 ut
1713 1128 1966 1184 delectari
2013 1128 2165 1197 quasi
2198 1128 2263 1182 iis
2299 1127 2564 1182 videatur.
2633 1127 2776 1183 Bene
2820 1131 2964 1187 Serv.

640 1191 860 1244 ordines
894 1208 922 1243 e
997 1208 1055 1246 ce
1088 1192 1416 1261 turpior-esst
1453 1195 1523 1248 H
1620 1236 1633 1249 .
1702 1196 1818 1251 Hoc
1852 1212 1980 1250 sane
2016 1197 2231 1251 rectius,
2291 1195 2374 1249 Cf.
2413 1195 2576 1250 etiam
2610 1195 2879 1252 Schirach.
2915 1217 2965 1269 p.

638 1262 754 1313 454.
790 1290 856 1299 —
975 1258 1024 1318 7.
1062 1302 1077 1327 ,
1110 1261 1246 1314 Nec
1285 1260 1490 1315 setius
1518 1212 1634 1343 effic
1669 1265 1808 1318 enim
1853 1280 1916 1317 ex
1951 1264 2110 1328 Med„
2149 1264 2300 1318 Rom.
2337 1263 2669 1333 aliorumque
2706 1264 2872 1319 Codd.
2913 1272 2967 1320 et

640 1326 785 1380 Festi
820 1344 871 1396 p.
910 1329 1026 1382 263.
1075 1302 1315 1384 Lindem.
1352 1332 1674 1385 auctontate
1708 1348 1802 1400 pro
1836 1330 1985 1401 vulg.
2020 1332 2195 1385 mim
2232 1346 2352 1386 cum
2385 1333 2764 1386 recentissimis
2797 1332 2968 1387 edito·

637 1394 786 1449 ribus
819 1410 961 1449 nunc
995 1396 1331 1467 scripsimus,
1370 1414 1489 1452 cum
1528 1399 1635 1452 iam
1677 1415 1928 1453 mensura
2001 1398 2165 1453 rimae
2202 1397 2440 1467 syllabae
2474 1399 2748 1461 ostendat,
2785 1416 2965 1455 vocem

637 1478 740 1516 uon
777 1479 837 1517 ex
869 1481 1022 1518 secus
1059 1480 1174 1518 esse
1208 1466 1420 1520 natam:
1460 1466 1527 1519 cf.
1563 1465 1753 1535 Wagn.
1781 1466 1934 1521 Orth.
2013 1483 2122 1536 erg.
2157 1483 2207 1535 p.
2233 1470 2349 1520 472.
2386 1469 2442 1520 et
2474 1466 2728 1522 Ribbeck.
2754 1467 2963 1550 Proleg.

636 1546 690 1600 p.
729 1531 870 1600 446]
905 1531 955 1585 h.
994 1548 1038 1585 e.
1081 1532 1228 1596 item,
1336 1551 1439 1597 πο,
1480 1533 1662 1598 etiam,
1703 1549 1800 1588 nec
1838 1535 2041 1596 minuti,
2082 1535 2456 1601 arboribus,
2509 1535 2733 1600 vitibus,
2780 1554 2966 1617 post.-

635 1598 739 1665 tis,
779 1600 846 1653 in
877 1617 962 1651 tm
1010 1616 1169 1667 uem,
1311 1617 1542 1670 unguem
1583 1601 1638 1670 [i.
1677 1618 1721 1655 e.
1768 1602 2193 1657 accuratissime:
2239 1601 2343 1656 vid.
2381 1603 2565 1671 infra],
2618 1622 2823 1658 omnis
2856 1606 2964 1657 via

678 1668 944 1734 uadi-et,
1022 1708 1034 1720 .
1066 1684 1110 1722 e.
1149 1668 1360 1723 ordines
1397 1671 1581 1724 exacte
1615 1671 1947 1730 conveniant,
1989 1673 2303 1749 congruant,
2338 1669 2551 1722 limite
2582 1680 2785 1739 secto,
2823 1672 2966 1726 linea

672 1739 823 1797 ucta,
864 1750 998 1804 quae
1044 1734 1256 1790 ordines
1299 1737 1447 1791 facit.
1518 1737 1876 1803 Quincuncem
1921 1738 2114 1807 respici
2157 1736 2312 1790 docet
2351 1735 2490 1790 Plin.
2528 1737 2710 1801 XVII,
2750 1744 2837 1802 11,
2881 1743 2962 1793 25.

634 1802 703 1855 In
739 1805 781 1856 d
795 1803 805 1813 '
870 1803 1100 1856 onendt's
1131 1805 1423 1858 arboribus
1461 1806 1698 1859 arbustis
1831 1823 1901 1858 ac
1933 1806 2106 1859 vineas
2211 1803 2540 1857 inc-uncialis
2579 1807 2835 1859 ordinum
2869 1825 2963 1860 ra-

631 1871 709 1924 tio
874 1879 969 1924 ata
1004 1879 1051 1923 et
1087 1874 1413 1941 moes-caria,
1449 1890 1560 1927 non
1595 1823 1835 1953 pov-figent
1866 1874 2031 1927 modo
2065 1880 2146 1924 αα
2173 1874 2234 1937 is,
2271 1889 2456 1925 verum
2491 1873 2751 1942 adspectu
2782 1881 2961 1940 prata,

632 1955 842 2008 quoque
872 1940 1036 1993 modo
1070 1940 1340 2004 imaro,
1377 1942 1439 1993 in
1474 1942 1721 1994 ordinem
1751 1956 1808 1993 sc
1834 1942 2153 2010 pom-iyente
2188 1941 2404 1993 versu.“
2436 1939 2616 2008 Heyn.
2686 1941 2960 2005 Quint-‚unx

634 2006 771 2060 enim
806 2007 943 2061 hanc
976 2009 1196 2076 praebet
1229 2026 1256 2061 s
1356 2010 1485 2062 iem:

686 2081 707 2099 ⁰
781 2079 801 2103 ⁴
877 2080 899 2102 ’
974 2083 997 2104 *
1116 2075 1198 2128 Cf.
1238 2024 1394 2129 333.
1430 2076 1475 2129 Ι.
1515 2079 1564 2128 7.
1603 2074 1810 2129 Colum.
1846 2073 1948 2136 ΠΙ,
1992 2077 2070 2136 13,
2111 2075 2190 2126 15.
2226 2072 2319 2134 IV,
2357 2076 2440 2127 30.
2480 2074 2586 2129 Cic.
2625 2075 2690 2130 de
2727 2092 2837 2130 sen.
2886 2079 2958 2130 17.

638 2149 659 2170 “
734 2150 753 2170 ‘
829 2150 850 2170 ⁸
925 2148 945 2171 '
1020 2149 1041 2169 ⁸
1113 2143 1325 2207 Quinct.
1362 2143 1512 2205 vm,
1540 2146 1588 2204 3,
1614 2149 1662 2196 9.
1712 2142 1893 2210 Igitur
1926 2141 2039 2194 via
2069 2148 2243 2194 secto
2277 2141 2485 2195 limite
2519 2142 2787 2211 significat
2820 2144 2958 2198 viam

684 2218 705 2238 ⁹
782 2217 800 2238 ·
876 2217 896 2236 ¹·
972 2218 993 2238 ⁹
1110 2210 1383 2279 obliquam
1404 2210 1514 2264 alia
1535 2211 1623 2264 via
1646 2212 1957 2264 transversa
1991 2213 2194 2263 sectam
2227 2208 2368 2262 hunc
2403 2209 2456 2262 in
2494 2210 2734 2266 modum:
2844 2251 2858 2264 .
2894 2244 2959 2253 -—

630 2278 785 2329 Voss.
833 2281 911 2339 (et
948 2294 1067 2331 cum
1104 2295 1163 2332 eo
1204 2279 1259 2331 in
1332 2279 1468 2333 riore
1508 2281 1652 2332 certe
1690 2278 1819 2332 edit.
1864 2276 2045 2338 Iahn.‚
2091 2276 2179 2346 qui
2217 2279 2400 2330 tamen
2444 2278 2499 2330 in
2543 2279 2671 2332 edit.
2706 2279 2779 2333 H.
2863 2295 2962 2333 ane

635 2347 957 2400 sententiam
1002 2295 1357 2406 retractavig),
1402 2346 1601 2400 leniore
1671 2349 1758 2398 ost
1792 2361 1903 2398 voc.
1949 2345 2204 2423 quadret,
2253 2343 2411 2413 plena
2456 2354 2638 2399 autem
2682 2347 2734 2399 in
2769 2349 2875 2401 fine
2911 2364 2961 2400 v.

631 2416 744 2467 283.
779 2413 1206 2482 interpunctione
1244 2415 1442 2483 posita.
1488 2414 1636 2482 iungi
1703 2413 1822 2466 Nec
1864 2420 2030 2465 setius
2055 2440 2077 2452 -
2104 2440 2127 2452 -
2150 2419 2232 2476 ut,
2279 2411 2418 2479 quod
2454 2428 2548 2479 pro
2585 2432 2695 2466 non
2729 2431 2878 2468 σεσιω-
2919 2432 2960 2468 ε.

631 2498 798 2551 aeque
826 2511 848 2523 -
877 2510 900 2522 -
925 2490 988 2535 ut
1016 2483 1251 2551 positum
1291 2498 1405 2537 esse
1442 2485 1635 2536 censet.
1705 2480 1807 2535 Sed
1843 2482 1908 2533 ut
1943 2478 2226 2532 concedam
2260 2496 2412 2531 secu-s
2434 2510 2454 2520 -
2474 2509 2491 2518 -
2513 2487 2573 2532 ut
2641 2498 2699 2534 ro
2732 2499 2919 2536 semm-
2941 2512 2962 2523 -

632 2568 700 2604 ac
733 2565 834 2603 non
877 2550 1079 2604 minore
1115 2551 1225 2604 iure
1261 2551 1365 2604 dici
1412 2551 1675 2619 potuisse,
1733 2564 1896 2617 quam
1942 2546 2085 2615 apud
2122 2545 2302 2600 Plaut.
2336 2545 2457 2599 Aul.
2494 2564 2590 2616 pro
2616 2588 2629 2602 .
2666 2552 2749 2601 22.
2797 2551 2962 2619 pari-

634 2625 758 2671 ter-
782 2625 888 2670 -ut
943 2633 976 2671 a
1011 2617 1083 2671 ud
1118 2617 1244 2672 Hor.
1290 2618 1392 2672 Od.
1428 2618 1474 2678 1,
1506 2621 1582 2679 16,
1614 2621 1759 2670 7-9.
1798 2617 1856 2668 et
1889 2613 2030 2667 Plin.
2067 2614 2165 2667 Ε).
2202 2614 2245 2671 Ι.
2283 2618 2366 2671 20,
2409 2617 2452 2666 1.
2489 2633 2657 2683 aeque
2681 2646 2704 2657 -
2728 2625 2831 2669 -ut
2871 2619 2958 2679 (cf.

631 2684 799 2741 sach.
837 2658 905 2738 ad
1006 2685 1271 2764 bun-IV,
1313 2689 1400 2745 12,
1438 2687 1906 2764 2.).‚quamquam
1933 2680 2092 2761 ‚apud
2181 2697 2253 2734 or.
2296 2681 2392 2736 od.
2428 2681 2530 2741 111,
2567 2687 2651 2741 25,
2692 2688 2737 2737 ε.
2773 2685 2961 2753 vulga-

636 2757 751 2806 tum
783 2769 938 2807 secus
963 2761 1106 2805 --ut
1136 2770 1243 2806 iam
1284 2769 1318 2807 a
1350 2753 1594 2807 Bentleio
1631 2768 1692 2805 ex
1727 2749 1891 2805 Codd.
1929 2766 1984 2802 in
2024 2766 2320 2803 secus--ac
2355 2752 2624 2804 mutatum
2663 2755 2763 2814 cst,
2805 2769 2959 2806 nemo

631 2824 810 2875 tamen
850 2820 1087 2888 exemplo
1124 2821 1569 2889 comprobaverit,
1611 2819 1843 2885 Latinos⁸
1871 2833 2126 2886 umquam
2166 2816 2555 2884 Comparativis
2589 2820 2820 2885 setius,
2858 2822 2958 2872 mi-

628 2887 1089 3010 artem&
1139 2888 1441 3010 ῖῗῐῖἳῗὲῗ
1472 2886 1807 3023 Ξῖήὲἱὶὼψῗ
1821 2885 2496 3021 ὥὲ...ἓ.““ἔξ..’ἑ“.ἔ.ῗζέἱὶ*
2538 2886 2957 3009 momfflne‘ssoessffi'ss

627 3023 803 3077 locum
839 3024 919 3076 ita
952 2995 1221 3091 intelligo:
1268 3024 1325 3078 Si
1357 3024 1410 3077 in
1448 3023 1633 3092 pingui
1670 3038 1800 3090 agro
1845 3021 1982 3099 vites
2021 3019 2258 3098 plantas»,
2299 3019 2490 3099 densas
2529 3021 2732 3089 planta,
2774 3022 2955 3101 ordine

631 3107 737 3145 nou
762 3090 914 3145 anxie
936 3098 1171 3145 servato:
1210 3091 1289 3144 sin
1327 3091 1490 3144 colles
1527 3088 1729 3144 vitibus
1765 3104 2017 3149 conseris,
2056 3087 2273 3155 indulge
2297 3086 2569 3141 ordinibus
2631 3106 2675 3142 s.
2710 3091 2952 3143 antibus:

629 3159 695 3212 cf.
731 3174 783 3211 r.
819 3161 955 3218 417..
983 3159 1204 3228 pflanzc
1242 3160 1301 3211 in
1335 3159 1584 3220 Reiltem),
1629 3173 1798 3226 neque
1836 3155 2007 3209 setius
2041 3154 2190 3208 effice
2224 3155 2412 3214 etiam,
2450 3158 2515 3207 ut
2548 3174 2616 3208 ar
2653 3156 2838 3210 oribus
2870 3174 2956 3211 ac·

628 3228 812 3280 curate
900 3226 1053 3280 ositis
1106 3225 1248 3291 (Abl.
1301 3226 1574 3289 instrum.)
1628 3224 1797 3279 omnis
1845 3223 1932 3276 via
1982 3225 2126 3276 secto
2171 3221 2353 3275 limine
2400 3222 2653 3290 quadret,
2707 3225 2743 3276 i.
2794 3240 2837 3277 e.
2891 3229 2956 3278 ut

626 3242 924 3347 intervallis
970 3294 1266 3372 aequaliter
1308 3292 1562 3347 dimensis
1604 3295 1660 3346 et
1701 3291 1904 3345 vitibus
1947 3287 2018 3343 ad
2061 3287 2268 3368 lineam·
2299 3289 2489 3368 positis
2526 3306 2706 3345 omnes
2755 3292 2870 3345 viae
2911 3309 2953 3346 s.

628 3362 806 3432 spatia
840 3361 983 3414 inter
1016 3362 1255 3431 singulos
1290 3361 1481 3414 vitium
1517 3360 1730 3414 ordines
1764 3356 2017 3434 aequales
2052 3358 2186 3413 sint.
2225 3372 2334 3409 Sive
2375 3372 2526 3424 paria
2557 3374 2952 3478 usquequaque,

628 3431 681 3485 in
722 3432 957 3492 rectum,
994 3429 1047 3481 in
1086 3433 1477 3484 transversum.
1516 3428 1571 3481 in
1610 3426 1910 3495 obliquum,
1961 3423 2247 3477 intervalla
2287 3422 2520 3476 habeant
2572 3435 2658 3489 (c.
2697 3443 2747 3478 v.
2787 3428 2951 3491 284.ὶ;

628 3513 753 3553 nam
792 3495 1065 3551 ordinibus
1103 3498 1286 3549 utcum
1326 3512 1389 3550 ue
1424 3495 1700 3563 indulgere
1735 3494 1900 3547 etiam
1938 3491 1985 3543 is
2020 3493 2215 3560 potest.
2257 3492 2344 3558 qui
2372 3491 2509 3572 vites
2534 3509 2645 3573 ¹¹.⁰¹¹.
2663 3493 2731 3547 ad
2754 3493 2948 3549 lineam

630 3581 799 3686 ...ὃ
845 3580 913 3685 ..ῑ
944 3564 1035 3685 ‘³³2
1070 3512 1642 3687 emmer
1712 3561 2150 3682 suffla,
2171 3561 2693 3695 {fflpzffm
2716 3563 2953 3684 ...3.

627 3650 682 3687 Vl
728 3649 821 3686 mu
1615 3674 1625 3684 -
1777 3667 1790 3681 ·
1860 3668 1872 3688 ν
2004 3666 2016 3679 ·
2937 3674 2947 3684 -

627 3702 758 3757 Met.
791 3699 872 3761 Π,
910 3701 1024 3752 130.
1159 3706 1274 3752 σιω
1310 3701 1369 3753 in
1410 3690 1691 3767 obliquum
1723 3703 1801 3749 est
1833 3695 1950 3748 lato
1985 3693 2295 3747 curvamine
2335 3694 2511 3761 limes,
2552 3711 2586 3748 a
2619 3696 2949 3765 Coningtone

631 3770 990 3838 comparatus)
1028 3783 1088 3820 eo
1118 3766 1330 3820 facilius
1364 3783 1397 3821 a
1432 3770 1591 3836 poeta
1624 3763 1728 3818 dici
1760 3764 1994 3833 poterat,
2031 3776 2151 3815 cum
2182 3759 2403 3815 Romani
2439 3762 2718 3828 limitibus,
2790 3764 2949 3820 uibus

631 3835 747 3905 agri
785 3834 1297 3889 disterminabuntur
1335 3834 1579 3903 (Baius),
1626 3847 1731 3885 non
1764 3830 1944 3884 minus
1987 3844 2148 3897 quam
2182 3844 2278 3881 nos
2319 3846 2414 3898 pro
2452 3830 2551 3884 viis
2583 3832 2665 3885 uti
2700 3847 2758 3885 so
2781 3837 2947 3887 erent.

630 3905 879 3959 Ceterum
913 3903 979 3957 de
1017 3902 1323 3971 quincunce,
1360 3917 1465 3954 non
1500 3899 1566 3955 de
1598 3899 1699 3952 hac
1731 3898 1926 3951 vitium
1959 3895 2326 3950 collocatione:

633 3979 659 4004 ·
731 3978 753 3999 ¹·
819 3976 841 3999 ¹·
914 3980 935 3997 ·
1009 3985 1166 4038 quam
1200 3970 1414 4023 Mai-tin.
1453 3971 1508 4022 et
1532 3967 1718 4021 Mauso
1756 3963 1844 4018 hic
1882 3962 2108 4016 describi
2144 3964 2494 4028 arbitrantur,
2530 3965 2823 4035 Vergilium
2861 3984 2945 4022 co-

635 4047 656 4065 ·
733 4046 753 4067 ‘
828 4045 846 4067 ‘
924 4047 945 4063 “
1056 4037 1205 4097 ‘tare,
1243 4037 1333 4106 qui
1368 4041 1484 4090 tum
1521 4037 1814 4090 ceterorum
1851 4032 1928 4085 rei
1950 4032 2179 4085 rusticae
2200 4033 2516 4101 scriptorum
2539 4036 2802 4089 communi
2826 4053 2943 4091 sen·

638 4111 661 4133 ⁶
733 4112 755 4131 ⁸
830 4113 849 4133 ⁸
923 4110 945 4134 ¹·
1110 4104 1218 4158 tiae
1250 4105 1590 4174 repugnaret,
1625 4101 1777 4154 Voss.
1801 4101 1912 4154 iam
1936 4099 2338 4155 demonstravit.
2385 4100 2775 4162 Quadrandi
2802 4106 2940 4159 enim

633 4173 966 4237 vocabulum,
1003 4173 1228 4243 primam
1263 4173 1319 4225 et
1355 4171 1623 4241 propriam
1656 4167 2099 4237 significationem
2132 4167 2243 4222 fere
2275 4183 2537 4238 nusquam
2563 4185 2794 4227 servans,
2832 4172 2946 4241 ple-

634 4257 753 4295 rum
792 4256 857 4294 ue
893 4242 1033 4295 idem
1068 4242 1175 4301 est,
1217 4239 1357 4309 quod
1391 4256 1454 4293 ex
1488 4237 1635 4292 omni
1657 4245 1823 4307 parte
1857 4252 2173 4304 cariffi-acre,
2214 4235 2657 4315 quemadmodum
2695 4238 2947 4307 quadrati

634 4308 745 4378 lapi
785 4324 840 4361 es
872 4308 1030 4363 facile
1064 4310 1472 4376 componuntur,
1514 4308 1577 4360 ut
1611 4321 1645 4359 a
1680 4308 1735 4358 te
1770 4306 2069 4371 congruant
2103 4306 2160 4358 et
2194 4303 2413 4359 sedeant
2447 4303 2535 4370 (cf.
2571 4304 2675 4358 Cic.
2715 4304 2802 4361 Or.
2840 4306 2940 4371 111,

634 4380 718 4433 44.
758 4379 868 4429 175.
949 4393 992 4431 ι·.
1033 4374 1178 4429 Coel.
1214 4377 1304 4437 29,
1340 4377 1421 4428 69.
1465 4374 1534 4427 ad
1570 4374 1687 4428 At.
1723 4370 1817 4432 IV,
1858 4375 1939 4426 18.
1986 4374 2118 4426 extr.
2153 4373 2303 4433 etc.);
2354 4372 2420 4423 in
2462 4390 2725 4440 unguem
2760 4376 2940 4429 autem

638 4458 742 4496 non
779 4459 811 4511 q
921 4446 1096 4498 ratam
1131 4442 1324 4511 unguis
1360 4441 1585 4495 formam
1618 4438 1850 4507 respicit,
1888 4439 2005 4499 sed,
2044 4439 2220 4493 Servio
2254 4442 2417 4499 teste,
2467 4441 2824 4503 „translatum
2858 4445 2943 4495 est

641 4524 674 4562 a
705 4511 1075 4567 marmorariis,
1153 4511 1205 4563 ui
1240 4512 1515 4563 iuncturas
1547 4508 1816 4576 unguibus
1885 4508 2112 4561 robant·‘
2152 4507 2184 4559 i.
2222 4523 2264 4561 e.
2303 4506 2602 4575 explorant,
2639 4512 2818 4562 utrum
2855 4526 2939 4563 sa-

640 4575 714 4627 tis
749 4577 1002 4630 astrictae
1037 4580 1091 4629 et
1146 4577 1385 4646 evigatae
1421 4577 1555 4639 sint3
1596 4579 1662 4629 ut
1701 4590 1806 4628 non
1939 4578 2055 4628 erat
2091 4574 2394 4644 significatu
2430 4591 2463 4629 a
2497 4592 2636 4631 vocc.
2678 4580 2938 4647 perfecte,
