3616 5026
1470 193 1995 265 GEORGICON
2038 195 2202 262 LIB.
2244 196 2327 262 II.
2938 201 3059 264 295

717 360 775 427 Ο
821 359 1040 443 decus,
1085 383 1122 426 o
1168 361 1382 427 famae
1424 364 1656 428 merito
1747 386 1855 428 ars
1900 386 2209 429 maxuma
2250 373 2534 446 nostrae,
2990 375 3055 426 40

715 443 862 511 Non
904 466 1025 531 ego
1068 454 1300 510 cuncta
1342 447 1504 511 meis
1549 385 1858 531 ampfeeti
1900 445 2199 513 versibus
2245 459 2420 535 opto,

713 526 1080 611 Maecenas,
1124 526 1487 617 pelagoque
1528 528 1758 595 volans
1803 530 1962 596 dare
2004 529 2154 596 vela
2191 533 2474 619 patenti3

714 611 882 696 Non,
923 609 1085 676 mihi
1115 613 1185 723 si
1226 612 1493 700 linguae
1536 622 1789 678 centum
1836 615 1965 679 sint
2011 635 2251 702 oraque
2296 624 2574 696 eentum,

713 879 870 919 suum
906 866 963 918 et
999 863 1230 918 liberum
1268 862 1506 933 poeticae
1540 862 1822 917 facultatis
1838 861 2010 943 ‚quasi
2046 878 2259 916 cursum
2297 879 2420 918 cum
2458 862 2759 934 periculosa
2783 864 2840 916 et
2867 860 3055 916 audaci

711 948 783 988 na
907 932 1055 985 tione
1092 934 1424 1001 comparant.
1492 929 1714 986 Praeter
1748 931 1769 984 i
1806 947 1918 984 sius
1957 930 2182 1000 Vergilii
2215 931 2393 985 locum
2406 971 2420 994 ,
2496 946 2617 985 uem
2652 930 2796 985 insta
2827 929 2921 993 IV,
2963 932 3058 984 116

782 948 909 1054 ”81⁸
957 999 969 1012 ‘
1031 1016 1113 1064 us,
1151 998 1219 1053 cf.
1259 1015 1309 1053 v.
1349 1015 1395 1053 c.
1444 998 1573 1052 Hor.
1612 997 1712 1053 Od.
1751 948 1846 1060 IPV‚
1890 1002 1968 1062 15,
2011 1003 2055 1053 1.
2101 998 2254 1054 Ovid.
2290 998 2442 1053 Fast.
2511 1039 2525 1062 ‚
2563 1002 2612 1052 4.
2652 1001 2769 1053 466.
2806 998 2898 1061 IV,
2937 1000 3053 1051 729.

710 1018 875 1149 fflst.
974 1108 988 1131 ‚
1027 1069 1126 1122 329
1162 1083 1264 1146 ες..
1305 1065 1580 1147 Plin.Ep.
1623 1065 1774 1126 vm,
1812 1071 1862 1128 4,
1895 1073 1942 1121 5.
2004 1066 2183 1122 Valer.
2224 1067 2366 1121 Max.
2406 1066 2481 1130 V,
2523 1070 2571 1147 7:
2601 1097 2669 1146 ⁸.-
2703 1068 3057 1145 (ἔρριπτον-ε

711 1139 880 1205 igitur
903 1151 1010 1189 non
1035 1135 1101 1190 de
1127 1152 1154 1189 s
1191 1137 1300 1188 atio
1334 1151 1389 1187 m
1426 1149 1563 1188 circo
1635 1133 1971 1199 ercurrendo‚
2012 1135 2104 1189 sed
2144 1135 2210 1190 de
2245 1151 2405 1189 cursu
2440 1149 2591 1188 navis
2625 1132 3053 1203 mtelhgendum‚

710 1207 775 1257 ut
806 1204 935 1258 Aen.
975 1202 1051 1266 V,
1091 1205 1151 1256 21
1197 1246 1208 1257 .
1264 1200 1465 1256 Catull.
1723 1201 1932 1268 (LXII),
1971 1206 2018 1255 6.
2066 1207 2167 1257 etc.
2227 1202 2540 1257 Steinmetz.
2578 1219 2631 1272 p.
2668 1209 2719 1255 4.
2769 1204 3056 1256 decurrere

709 1273 950 1327 laborem
983 1269 1171 1325 eadem
1213 1270 1418 1324 ratione
1457 1267 1662 1323 dictum
1734 1272 1882 1332 utat,
1928 1285 2035 1339 qua
2067 1269 2181 1325 Ecl.
2219 1271 2321 1333 IV,
2359 1274 2443 1324 46.
2488 1287 2711 1324 currere
2743 1271 2947 1324 saecla.
2987 1302 3053 1310 —-

709 1339 801 1400 40.
840 1338 1167 1403 „Maximam
1203 1352 1332 1391 suae
1366 1336 1546 1391 famae
1579 1341 1634 1391 et
1667 1354 1704 1405 g
1729 1336 1870 1391 oriae
1944 1340 2115 1393 artem
2151 1354 2210 1392 eo
2246 1338 2508 1393 contineri
2543 1336 2676 1391 dicit
2699 1342 2874 1406 poeta,
2911 1337 3053 1408 quod

709 1406 1035 1462 Maecenatis
1080 1405 1323 1460 amicitia
1367 1407 1569 1459 utatur.
1639 1404 1722 1459 Cf.
1771 1404 1842 1458 ad
1937 1422 2013 1460 eo,
2060 1405 2112 1468 1,
2151 1409 2239 1459 2.“
2302 1407 2482 1477 Heyn.
2520 1437 2586 1446 —
2626 1407 2849 1472 decus,
2903 1405 3052 1460 cuius

709 1474 949 1529 amicitia
983 1472 1118 1528 mihi
1150 1489 1409 1543 perquam
1444 1471 1750 1526 honorifica.
1822 1471 1903 1527 Cf.
1943 1473 2074 1526 Hor.
2110 1473 2209 1528 Od.
2249 1474 2294 1537 Ι,
2337 1480 2382 1540 1,
2421 1477 2470 1528 2.
2519 1472 2896 1527 Maecenas„
2918 1474 2966 1526 O
3004 1483 3053 1526 ez

704 1543 1048 1612 preamium
1090 1548 1143 1594 et
1184 1542 1346 1595 dulce
1384 1543 1552 1595 decus
1596 1557 1786 1592 meum.
1839 1540 1909 1593 id.
1948 1539 2047 1594 Od.
2085 1540 2163 1602 11,
2207 1546 2291 1600 17.
2333 1547 2381 1597 4.
2442 1541 2763 1605 Maecenas,
2811 1558 3053 1594 mearum

775 1611 919 1664 ande
953 1610 1120 1663 decue
1158 1610 1505 1678 columenque
1538 1624 1720 1662 rerum
1754 1610 1857 1661 etc.
1907 1607 2205 1677 Conington
2252 1610 2460 1664 confert
2494 1609 2736 1679 Propert.
2773 1607 2843 1672 Π,
2887 1612 2931 1670 1,
2970 1612 3050 1664 74.

779 1694 1009 1731 aecem
1034 1704 1058 1716 -
1086 1705 1109 1718 ·
1133 1676 1213 1729 Et
1245 1677 1388 1730 vitae
1422 1685 1474 1730 et
1506 1675 1698 1729 mortis
1730 1675 1919 1745 qloria
1961 1674 2105 1728 iusta
2147 1693 2311 1730 meae.
2352 1709 2417 1717 —-
2453 1678 2517 1731 In
2556 1693 2719 1747 seqq.,
2759 1676 2853 1731 ubi
2893 1680 3053 1747 poeta

710 1761 767 1799 se
801 1745 961 1815 fingit
995 1747 1219 1799 nautam
1254 1744 1342 1799 vel
1376 1745 1557 1814 potius
1592 1744 1743 1796 navis
1778 1743 2071 1807 dominum,
2110 1744 2200 1812 qui
2236 1745 2400 1813 cupit,
2440 1748 2507 1799 ut
2532 1745 2812 1799 Maecenas
2836 1761 3048 1799 cursum

709 1819 1019 1894 susceptum
1075 1827 1257 1867 secum
1307 1812 1580 1876 conficiat,
1643 1826 1764 1865 cum
1807 1810 2019 1867 Ladew.
2068 1816 2282 1865 secutus
2332 1828 2454 1866 sum
2496 1811 2827 1881 ingeniosam
2868 1812 3050 1867 Peerl-

708 1881 909 1951 kampii
945 1880 1322 1943 coniecturam,
1361 1880 1454 1950 qni
1493 1884 1563 1949 (p.
1607 1881 1741 1944 138.)
1777 1895 1828 1932 v.
1865 1882 1951 1933 42.
1997 1879 2128 1933 Non
2164 1897 2261 1947 eqo
2301 1883 2403 1935 etc.
2448 1882 2574 1935 ante
2609 1896 2659 1934 v.
2696 1883 2780 1934 41.
2830 1881 3050 1935 Maece-

705 1967 810 2003 nas
845 1952 950 2004 etc.
989 1948 1115 2019 poni
1150 1950 1206 2002 et
1229 1947 1556 2017 Imperativo
1583 1949 1660 2001 da
1680 1946 2017 2001 Infinitivum
2040 1950 2176 2001 dare
2201 1949 2531 2002 substituere
2559 1948 2747 2002 suasit.
2795 1947 2882 2002 Sic
2906 1949 3047 2003 enim

707 2015 922 2070 tollitur
957 2016 1131 2070 omnis
1165 2014 1486 2078 difficultas»,
1523 2014 1787 2085 imprimis
1822 2014 1877 2068 in
1917 2015 2123 2085 Copula
2195 2033 2261 2069 ne
2295 2016 2425 2079 sita,
2465 2032 2637 2086 neque
2681 2032 2813 2085 opus
2849 2019 2949 2078 est,
2986 2021 3047 2070 ut

708 2100 830 2138 cum
864 2083 1109 2138 Hanovio
1146 2083 1275 2147 (vid.
1313 2099 1476 2163 supra
1509 2082 1578 2137 ad
1615 2099 1668 2139 v.
1697 2086 1769 2139 8.)
1806 2083 2105 2137 scribamus
2179 2083 2435 2138 {aec-enas
2469 2086 2605 2138 ades
2641 2091 2694 2138 et
2717 2084 2896 2155 primi
2927 2091 3046 2149 etc.,

708 2152 955 2206 omnibus
987 2150 1210 2221 reliquis
1245 2151 1422 2205 verbis
1453 2150 2051 2221 pelagoque—-Fmea
2086 2170 2190 2203 voa·
2229 2163 2386 2221 (quae
2425 2152 2495 2205 ab
2532 2152 2916 2221 interpolatore
2949 2151 3048 2207 ali-

742 2235 811 2273 uo
853 2236 913 2274 ex
955 2219 1091 2273 Aen.
1128 2217 1250 2278 XLI.
1287 2221 1387 2273 269
1422 2235 1448 2271 s
1491 2260 1502 2271 .
1539 2218 1736 2286 [potius
1775 2220 1875 2271 263
1911 2218 2015 2297 sq.]
2050 2221 2106 2271 et
2139 2218 2232 2283 VI,
2271 2222 2368 2273 625
2396 2236 2477 2289 sq.
2518 2221 2750 2275 conflata
2784 2220 2912 2287 sint)
2950 2237 3045 2276 au-

707 2237 892 2342 dacter
927 2286 1140 2341 deletis,
1211 2285 1397 2350 Video,
1436 2302 1465 2339 e
1497 2285 1507 2297 ’
1547 2302 1600 2339 m
1635 2284 1926 2339 Ribbeckio
1961 2301 2019 2338 m
2050 2283 2260 2352 Proleg.
2304 2303 2358 2355 p.
2399 2292 2482 2342 45.
2517 2287 2656 2342 hanc
2690 2287 3046 2358 Peerlkampii

706 2355 1066 2409 coniecturam
1148 2353 1342 2408 robari.
1413 2352 1534 2406 Non
1572 2357 1755 2407 tamen
1794 2352 2158 2407 reticendum.
2206 2354 2366 2408 etiam
2407 2356 2462 2407 in
2497 2355 2663 2409 Anth.
2704 2355 2826 2409 Lat.
2865 2355 3046 2410 Burm.

703 2423 749 2484 Ι,
790 2426 901 2483 178,
935 2425 1037 2485 66.,
1075 2438 1112 2475 ιι
1152 2422 1168 2474 i
1207 2438 1255 2475 v.
1282 2426 1364 2475 41.
1400 2421 1653 2482 iteratur,
1691 2420 1968 2488 vulgarem
2003 2420 2287 2476 lectionem
2322 2438 2592 2492 amarere.
2632 2452 2696 2462 —
2731 2420 2823 2482 42.
2860 2424 3045 2476 Mae-

705 2507 910 2545 cenas.
950 2489 1034 2544 Cf.
1070 2488 1280 2544 adnott.
1317 2487 1388 2544 ad
1411 2488 1538 2544 Ge0.
1576 2489 1622 2549 1,
1647 2491 1694 2542 2.
1724 2520 1787 2529 ——
1813 2488 2065 2544 volans.
2104 2489 2306 2555 Burin„
2423 2490 2540 2558 isk.,
2577 2491 2785 2546 Wakes.
2815 2493 2872 2546 et
2893 2491 3045 2547 Voss..

703 2559 1017 2630 praeferunt
1058 2557 1286 2612 duorum
1325 2556 1494 2611 Codd.
1532 2556 1680 2611 Leid.
1725 2560 1780 2610 et
1816 2557 2033 2612 Madrit.
2086 2559 2340 2629 (itemque
2384 2560 2514 2614 (lod.
2560 2559 2730 2614 Paris.
2775 2559 3046 2614 Diomedis

704 2644 753 2696 p.
793 2631 910 2681 457.
944 2625 1034 2685 Ρ.)
1083 2624 1368 2680 lectionem
1409 2624 1597 2678 volens
1640 2624 1952 2693 (benignus,
1997 2625 2229 2687 favens),
2282 2630 2338 2680 et
2381 2628 2535 2682 Voss.
2581 2627 2798 2697 quidem
2841 2628 3047 2682 confert

703 2696 834 2749 Aen.
880 2693 992 2757 111,
1028 2696 1145 2747 457.
1205 2692 1343 2763 Ipsa
1402 2699 1569 2746 canat
1623 2709 1913 2760 vocemque
1963 2694 2150 2746 volens
2204 2701 2366 2762 atque
2425 2714 2529 2749 ora
2587 2694 2842 2750 resolvat.
2935 2695 3040 2761 (cf.

701 2762 866 2817 etiam
900 2759 1088 2815 Heius.
1133 2759 1216 2838 ad·
1240 2761 1371 2814 Aen.
1412 2759 1494 2838 V.
1523 2762 1643 2839 219.
1700 2759 1947 2840 idemque
1991 2760 2059 2813 ad
2104 2760 2258 2840 ovid.
2301 2762 2429 2815 Met.
2475 2763 2556 2825 11,
2598 2765 2736 2824 128..
2791 2778 3040 2831 magnam

700 2828 1063 2975 ifflpsffif'
1086 2843 1326 2976 {affl
1345 2826 2396 2975 izfflsszzzf’z’fflgffifflffi
2421 2828 3042 2966 ἕὲῗέἓῐὲωὸἓεῗὲἒὲἰ

737 2981 803 3019 ue
837 2963 1005 3025 videt,
1043 2978 1128 3017 cui
1166 2963 1460 3017 celeritatis
1497 2966 1553 3016 et
1588 2964 1783 3030 agitati
1822 2979 2010 3016 cursus
2047 2966 2314 3017 notionem
2353 2981 2526 3018 messe
2561 2964 2695 3018 bene
2736 2964 3040 3018 observavit

841 3071 855 3084 .
903 3030 1224 3086 Simillimus
1261 3032 1348 3084 est
1379 3030 1530 3084 locus
1549 3029 1642 3084 ille
1663 3032 1793 3083 Aen.
1819 3029 1885 3096 V,
1915 3033 2054 3086 219..
2088 3030 2183 3083 ubi
2209 3031 2314 3084 vid.
2343 3032 2554 3085 adnott.
2578 3063 2644 3072 —
2672 3034 2835 3085 dare
2868 3034 3034 3099 vela,

699 3099 945 3181 expansis
980 3098 1115 3153 velis
1148 3098 1419 3166 navigare,
1457 3098 1597 3168 quod
1634 3098 1848 3166 poetica
1884 3098 2120 3165 imagine
2152 3098 2321 3153 latius
2344 3100 2685 3169 persequitur
2711 3100 3034 3154 sententiam

699 3168 891 3239 prioris
927 3182 1132 3222 versus.
1201 3164 1383 3220 Poetis
1422 3168 1609 3219 autem
1644 3165 1778 3219 satis
1819 3165 2084 3219 usitatum
2111 3170 2196 3220 est
2229 3167 2487 3220 eiusmodi
2523 3167 2784 3235 imagines
2821 3183 2854 3220 a
2887 3168 3034 3221 navi-

697 3235 917 3307 gatione
959 3236 1218 3304 repetere.
1291 3233 1607 3302 (Vulgarem
1656 3232 1941 3287 lectionem
1987 3234 2064 3287 sic
2114 3233 2407 3302 explicant:
2470 3237 2513 3287 d
2521 3253 2558 3287 a
2597 3236 2771 3301 vela,
2825 3251 3032 3289 meeum

697 3320 835 3371 (um
871 3320 921 3356 v.
962 3305 1070 3366 39.)
1119 3301 1340 3369 naviga,
1379 3301 1414 3355 i.
1452 3318 1499 3355 e.
1541 3302 1660 3355 fave
1700 3300 1830 3354 mihi
1870 3301 2123 3355 canenti.)
2159 3333 2223 3341 —
2254 3304 2504 3421 {wlayo
2540 3303 2826 3372 patenti,
2870 3302 3031 3372 (quod

697 3388 806 3427 non
839 3373 1070 3433 sextum,
1114 3368 1207 3424 sed
1249 3369 1473 3423 tertium
1509 3368 1707 3423 Casum
1747 3385 1864 3423 esse
1940 3372 2084 3423 atet:
2124 3369 2191 3422 cf.
2229 3385 2256 3423 e
2284 3370 2391 3423 iam
2419 3371 2600 3424 Ameis
2624 3369 2805 3439 Spicil.
2846 3388 2899 3439 p.
2923 3372 3030 3424 24.)

701 3439 817 3494 scil.
857 3437 928 3494 ad
962 3436 1344 3505 navigandum.
1417 3437 1502 3491 cf.
1538 3437 1667 3491 Hor.
1710 3435 1811 3491 Od.
1849 3386 1934 3502 nl:
1975 3440 2053 3497 16,
2098 3440 2143 3489 1.
2177 3438 2234 3490 in
2261 3439 2481 3507 patenti
2514 3437 2758 3491 Prema-*s
2789 3439 3027 3506 Acyaw.

698 3509 788 3563 Ita
824 3505 971 3577 apud
1008 3505 1116 3559 Cic.
1155 3504 1275 3559 Div.
1309 3503 1354 3565 1,
1386 3508 1431 3567 1,
1462 3507 1513 3558 2.
1555 3505 1766 3558 caelum
1800 3513 1997 3576 patens
2229 3513 2498 3584 apertum,
2535 3509 2590 3558 et
2626 3521 2760 3574 quae
2795 3508 2925 3559 sunt
2957 3506 3029 3559 si-

698 3574 864 3629 milia.
936 3572 1041 3627 Hic
1083 3576 1265 3627 autem
1313 3588 1408 3642 per
1439 3573 1694 3642 pelayum
1729 3582 1933 3644 patene
1967 3582 2093 3642 (quo
2166 3589 2196 3625 o
2234 3573 2359 3641 poni
2383 3574 2567 3643 premi
2597 3574 2778 3626 laon}
2813 3591 2946 3627 orae
2981 3590 3030 3627 v.

698 3648 782 3697 44.
817 3642 871 3697 in
912 3646 1166 3711 promptu
1201 3642 1326 3703 est),
1366 3643 1530 3709 poeta
1562 3641 1776 3696 videtur
1808 3641 2114 3709 intelligere
2139 3590 2423 3705 infinitam,
2461 3642 2775 3695 immensam
2808 3641 3030 3696 canendi

700 3710 1013 3771 materiam,
1093 3724 1193 3763 uae
1240 3724 1536 3778 numquam
1588 3710 1761 3779 possit
1804 3710 2089 3763 exhauriri.
2165 3706 2357 3762 Paullo
2404 3708 2565 3762 aliter
2605 3711 2784 3762 tamen
2829 3709 3028 3763 statuit

699 3778 978 3834 Hanovius
1018 3776 1086 3831 Sc
1125 3776 1208 3831 ed.
1248 3776 1373 3830 crit.
1410 3793 1461 3846 p.
1506 3780 1599 3842 11„
1638 3777 1730 3848 qui
1769 3781 1933 3843 (recte
1971 3777 2026 3831 di
2093 3779 2257 3830 utans
2297 3779 2484 3831 contra
2525 3775 2812 3830 Tittlerum
2836 3775 3025 3846 Progr.

697 3847 848 3916 Brig.
886 3863 939 3915 p.
981 3848 1058 3899 19.
1097 3843 1228 3899 haec
1261 3843 1426 3898 verba
1459 3842 1526 3898 de
1562 3844 1673 3899 solo
1697 3845 2006 3901 Maecenate
2080 3843 2144 3898 'ci
2168 3844 2499 3913 opinantem,
2561 3845 2651 3915 qui
2705 3847 2917 3912 poetam
2958 3843 3026 3898 ad

698 3930 912 3970 carmen
946 3912 1216 3967 heroicum
1251 3912 1308 3965 in
1332 3912 1612 3966 Octaviani
1646 3912 1897 3968 honorem
1933 3911 2369 3966 conscribendum
2406 3912 2717 3966 excitaverit
2733 3953 2745 3967 .
2809 3911 2892 3965 cui
2937 3912 3025 3967 ille

698 4000 756 4038 se
818 3980 1056 4035 nondum
1123 3996 1305 4049 parem
1373 3996 1488 4034 esse
1546 3981 1861 4039 arbitretur)
1930 3996 2032 4034 non
2090 3979 2294 4048 copiam
2349 3984 2404 4034 et
2462 3978 2873 4044 abundantiam,
2933 3980 3025 4034 sed

698 4047 1126 4119 magnitudinem
1169 4051 1223 4102 et
1266 4046 1647 4102 difficultatem
1689 4065 1868 4103 rerum
1902 4047 2090 4117 respici
2134 4052 2311 4116 putat.
2379 4079 2444 4087 „-
2507 4045 2599 4107 43.
2650 4047 2822 4102 Locus
2855 4049 3025 4102 notis-

699 4119 884 4180 simus,
926 4133 989 4171 ex
1024 4114 1183 4168 Hom.
1224 4115 1291 4170 11.
1328 4115 1403 4180 ΙΙ,
1438 4118 1555 4168 488.
1595 4116 1961 4186 depromptus,
2002 4132 2158 4184 quem
2195 4115 2299 4169 iam
2338 4120 2465 4169 ante
2500 4114 2801 4183 Vergilium
2840 4132 3024 4171 secun·

701 4187 828 4240 dum
866 4185 1011 4240 serv.
1049 4182 1119 4238 ad
1153 4182 1294 4237 hunc
1329 4186 1386 4237 et
1417 4182 1737 4252 parallelum
1770 4186 1902 4238 Aen.
1941 4183 2116 4237 locum
2156 4182 2437 4237 Lucretius
2470 4182 2680 4246 iisdem,
2752 4184 2910 4240 uibus
2931 4201 3024 4237 no-

699 4258 839 4315 ster,
889 4253 1092 4314 verbis,
1129 4253 1309 4305 Aer-ea
1345 4249 1500 4304 modo
1535 4270 1640 4305 vox
1671 4269 1766 4322 pro
1805 4251 2016 4305 Ferrea
2061 4269 2167 4305 vox
2208 4252 2470 4309 scribens.
2527 4252 2681 4306 trans
2770 4256 2886 4306 erat
2933 4253 3023 4306 «cf.

698 4319 1026 4376 Lachmann.
1074 4318 1145 4374 ad
1185 4319 1344 4373 Lucr.
1395 4317 1503 4375 VI.
1550 4322 1664 4373 840.
1716 4336 1768 4388 p.
1810 4324 1951 4373 399.)
2006 4321 2060 4372 et
2117 4319 2387 4372 Macrobio
2449 4318 2559 4372 Sat.
2628 4319 2724 4381 VI,
2762 4322 2807 4372 3.
2865 4323 3021 4375 teste.

700 4388 924 4445 Hostius
1024 4390 1161 4453 oeta,
1221 4387 1327 4442 Iul.
1375 4386 1620 4442 Caesaris
1680 4387 1948 4457 aequalis,
2007 4386 2086 4440 ita
2128 4386 2457 4441 reddiderat:
2503 4416 2523 4427 ·
2562 4417 2585 4427 -
2619 4406 2730 4441 non
2784 4388 2839 4441 εἰ
2887 4388 3030 4441 mihi

698 4459 918 4528 linquae
1143 4476 1199 4510 m
1258 4464 1420 4525 atque
1487 4473 1590 4510 ora
1652 4455 1792 4509 sient
1852 4457 2076 4512 totidem
2136 4471 2397 4523 vocesqvoe
2457 4455 2716 4524 liqtmtae.
2807 4456 2883 4511 Re
2923 4457 3022 4510 etit

700 4529 885 4581 autem
944 4522 1214 4593 Vergilius
1280 4522 1495 4578 eosdem
1558 4540 1740 4578 versus
1789 4525 1921 4579 Aen.
1979 4522 2082 4585 VI,
2118 4525 2232 4577 625.
2273 4526 2354 4577 26.
2425 4523 2715 4578 Praeterea
2758 4527 2826 4577 ef.
2913 4524 3019 4578 vid.

699 4594 864 4650 Trist.
905 4592 960 4658 1,
998 4597 1056 4656 5,
1097 4597 1178 4647 53.
1250 4590 1321 4647 Si
1359 4610 1465 4646 vox
1512 4591 1831 4661 infr-agatis,
1885 4599 2076 4663 pectus
2105 4591 2242 4646 milei
2271 4592 2522 4657 firminus
2555 4608 2696 4659 aere,
2736 4591 3019 4663 Pluraque
