3616 5026
1458 194 1985 264 GEORGICON
2024 197 2191 264 LIB.
2232 197 2283 264 1.
2908 198 3029 262 263

688 359 1050 429 Corvorum
1092 363 1419 449 increpuit
1460 362 1681 429 densis
1724 364 2052 441 exercitus
2093 362 2235 429 alis.

685 445 823 509 lam
864 447 1094 511 variae
1136 445 1357 532 pelagi
1398 445 1699 512 volucres
1744 457 1808 511 et
1851 468 2018 534 quae
2057 445 2222 512 Asia
2265 449 2505 513 circum

686 526 1007 593 Dulcibus
1051 531 1120 593 in
1163 532 1411 615 stagnis
1454 531 1772 595 rimantur
1816 540 2007 618 prata
2050 528 2336 617 Caystri,

687 612 1003 677 Certatim
1047 611 1267 699 largos
1308 613 1595 679 humeris
1635 614 1977 681 infimdere
2016 636 2215 697 rores,
2929 623 3028 674 385

684 849 930 920 Propert.
968 867 1021 919 p.
1060 853 1181 902 430.
1216 848 1402 918 Heyne
1439 851 1497 905 et
1527 849 1741 904 Dissen.
1781 848 1850 904 ad
1886 849 2104 913 Tibulli,
2141 848 2306 903 Bach.
2344 847 2413 903 ad
2454 847 2609 903 Ovid.
2649 846 2689 900 1.
2728 847 2769 901 l.
2811 846 2920 901 alii.
2960 878 3026 886 —

683 915 813 978 381.
853 914 949 978 82.
988 916 1187 970 Coi-vos
1225 933 1434 987 quoque
1469 917 1863 973 vehementiore
1897 917 2107 972 alarum
2149 917 2445 987 agitatione
2482 919 2537 971 et
2574 914 2803 970 clamore
2827 915 3028 969 imbres

682 986 950 1040 instantes
989 984 1296 1055 praedicere
1330 984 1609 1040 affirmant
1648 986 1799 1040 Asat.
1841 1002 1891 1038 v.
1932 989 2026 1039 231
2068 1002 2182 1056 sqq.
2225 1003 2269 1039 s.
2309 989 2408 1039 963
2450 1000 2567 1054 sqq.
2604 983 2771 1037 Bekk.
2800 986 2855 1037 et
2880 981 3024 1037 Plin.

683 1052 722 1106 l.
760 1053 800 1107 1.
834 1058 882 1120 ξ.
924 1055 1009 1107 87.
1047 1052 1170 1107 vid.
1210 1053 1377 1107 etiam
1413 1054 1570 1107 Lucr.
1609 1053 1673 1118 V,
1719 1057 1866 1108 1084.
1909 1053 2315 1134 Cor-corumque
2345 1107 2356 1121 ,
2413 1070 2549 1121 eyes,
2585 1051 2684 1104 ubi
2715 1069 2917 1120 aquam
2939 1051 3028 1104 da·-

684 1129 876 1175 ctmtm·
912 1127 964 1174 et
1001 1120 1201 1174 imbres
1222 1120 1474 1176 Poscere.
1518 1154 1580 1162 —
1619 1121 2004 1206 „increpuit
2040 1123 2264 1175 denne
2303 1139 2340 1174 a
2381 1122 2438 1174 ie
2472 1119 2707 1174 debebat
2736 1119 3025 1188 exprimere

681 1190 839 1243 Arati
873 1188 1037 1258 [969.]
1069 1187 1433 1255 τιναξάμενοι
1462 1191 1644 1259 πτερὰ
1683 1208 1901 1253 πυκνας
1937 1189 1993 1243 in
2032 1205 2135 1259 quo
2173 1186 2360 1244 πυκνά
2397 1204 2493 1258 pro
2531 1190 2759 1249 πυκνῶς
2792 1185 3026 1256 positum

681 1274 797 1311 esse
834 1255 1075 1311 dubitari
1112 1257 1317 1327 nequit,
1354 1257 1566 1312 crebro.
1618 1256 1722 1322 (Cf.
1761 1258 1927 1311 etiam
1960 1257 2193 1311 Brunck.
2230 1255 2390 1311 Anal.
2427 1255 2486 1309 T.
2523 1253 2621 1309 ΠΙ.
2660 1271 2714 1324 p.
2760 1256 2873 1308 152.
2908 1253 3027 1319 VI.)

681 1326 755 1378 At
792 1324 1065 1446 Vergilius
1098 1341 1195 1395 pro
1230 1324 1468 1395 epitheto
1503 1325 1714 1380 alarum
1749 1325 2019 1394 accepisse
2056 1324 2293 1388 videtur,
2336 1340 2457 1378 cum
2494 1324 2692 1376 derasas
2728 1321 2924 1386 reddit,
2961 1324 3025 1375 ut

682 1392 751 1447 ad
784 1392 902 1447 mul
931 1391 1194 1447 'tudinem
1241 1408 1519 1447 corvorum
1561 1392 1787 1457 referat,
1837 1394 1953 1463 qui,
2007 1391 2136 1447 dum
2178 1395 2345 1447 clema
2391 1391 2606 1460 agmine
2651 1389 2862 1453 volant,
2920 1388 3024 1443 alis

681 1461 867 1515 demis
898 1460 1200 1530 increpant.
1272 1461 1526 1516 Ceterum
1563 1460 1633 1515 ad
1670 1461 1768 1515 hoc
1804 1460 2144 1531 praesagium
2180 1459 2461 1515 referenda
2497 1461 2627 1513 sunt
2661 1458 2825 1512 verba
2852 1456 3026 1511 Hora-

682 1528 744 1582 tii
783 1527 886 1584 Od.
922 1527 1025 1593 ΠΙ,
1064 1531 1145 1591 27,
1184 1533 1232 1583 9.
1270 1530 1579 1598 Antequam
1614 1536 1816 1582 stante-e
1853 1536 2061 1599 repetat
2096 1528 2339 1598 paludes
2373 1527 2638 1580 Imbrium
2674 1526 2869 1580 divina
2905 1525 3028 1579 avis

682 1596 1049 1650 immineam
1111 1597 1205 1650 ubi
1247 1604 1450 1651 tamem
1485 1596 1552 1650 de
1590 1597 1825 1660 cornice,
1870 1612 1976 1649 non
2027 1595 2094 1650 de
2137 1612 2290 1650 corvo
2338 1593 2685 1664 cogitandum
2727 1591 3022 1661 videtur].“

684 1664 861 1735 Heyn.
900 1695 969 1705 --
1156 1681 1273 1734 sqq.
1314 1664 1393 1718 Ex
1432 1664 1624 1719 avibus
1658 1664 1881 1718 marinis
1920 1667 1976 1718 et
2011 1663 2189 1732 cycnis
2225 1662 2509 1734 praesagia
2534 1661 2838 1732 pluviarum
2864 1666 3024 1730 poeta

680 1733 961 1787 memorat.
1032 1732 1181 1786 Haec
1215 1748 1425 1803 quoque
1465 1749 1527 1786 ex
1560 1732 1728 1786 Arato
1763 1748 1817 1786 v.
1856 1734 1956 1785 210
1990 1748 2109 1802 sqq.
2137 1730 2449 1816 desumptat
2490 1728 2742 1784 Πολλάκι
2769 1732 3021 1800 λιμναῖαι

685 1800 716 1867 ἢ
751 1798 997 1855 εἰνάλιαι
1037 1798 1264 1869 ὄρνιθες
1306 1798 1625 1864 ’Ἀπληστον
1662 1798 1956 1862 κλύζονται
2000 1800 2280 1872 ἔνιέμεναι
2323 1797 2661 1861 υδάτεσσιν,
2744 1812 2845 1851 uae
2930 1811 3022 1849 uo-

679 1867 834 1922 modo
858 1867 1031 1921 Varro
1066 1867 1430 1931 transtulerit,
1471 1884 1636 1947 supra
1667 1867 1916 1921 vidimus
1973 1899 2021 1906 —
2058 1868 2293 1921 variae
2333 1865 2658 1921 volueres.
2760 1868 2818 1918 ta
2917 1862 3021 1927 ed..

680 1936 853 1997 Rom..
880 1935 1024 1990 Gud.
1066 1951 1100 1989 a
1132 1951 1205 1989 m.
1243 1952 1326 2005 pr.
1367 1938 1424 1989 et
1461 1935 1553 1989 ali]
1588 1935 1713 1989 boni
1751 1935 1895 1999 libri,
1936 1951 2065 2005 quos
2103 1938 2244 1990 recte
2281 1936 2497 1989 secutus
2547 1936 2631 1987 est
2662 1932 2849 2000 Wagn.
2891 1929 3024 1985 ‘Plu-

682 2004 802 2057 rimi
830 2002 1002 2058 codd.
1039 2018 1160 2057 cum
1180 2003 1362 2058 Servio
1403 2003 1656 2059 exhibent
1690 2002 1971 2072 vulgarem
2006 2002 2289 2058 lectionem
2327 2003 2521 2056 varias
2551 2000 2801 2055 volucres
2822 2004 3024 2067 (recen—

680 2072 907 2126 tioribus
944 2071 1279 2140 temporibus
1323 2072 1392 2126 ab
1430 2087 1536 2125 uno
1572 2071 1908 2141 Coningtone
1942 2073 2248 2133 servatam),
2287 2086 2424 2140 quae
2459 2067 2824 2125 Grammatico
2862 2066 3023 2122 alicui

657 2139 860 2194 ‚deberi
894 2138 1134 2199 videtur,
1188 2139 1319 2193 haec
1362 2140 1528 2193 verba
1562 2157 1589 2192 s
1656 2139 1911 2194 uentibus
1944 2140 2243 2211 infundere
2274 2140 2470 2192 videm
2504 2135 2870 2192 conciliatum.
2914 2134 3023 2188 Va-

678 2207 800 2261 riae
833 2207 1086 2261 volueres
1120 2210 1205 2261 est
1238 2207 1453 2262 Nomin.
1491 2207 1622 2261 abso
1645 2210 1790 2271 utus,
1832 2224 1865 2262 a
1937 2224 2003 2261 uo
2035 2211 2196 2288 poeta
2232 2223 2327 2276 per
2361 2206 2588 2276 synesin·
2612 2202 3020 2274 grammaticam

679 2275 746 2330 ad
782 2275 1236 2329 constructionem
1261 2275 1454 2329 AccuS.
1494 2292 1614 2329 cum
1642 2275 1806 2355 Infin3
1840 2275 1904 2330 de
1945 2277 2093 2330 ectit.
2163 2273 2424 2344 Exempla
2459 2272 2621 2328 huius
2656 2270 2879 2327 rationis
2900 2270 3022 2326 vide

678 2343 1007 2481 33.Ἓέἕᾷ
1039 2341 1577 2490 affluem-
1599 2345 1674 2465 ξιξ
1696 2342 2489 2465 &estreis-..samad
2508 2340 2732 2478 ⁷513&
2753 2342 2946 2473 ⁶32.
2966 2342 3020 2460 3?

677 2478 906 2535 Beneck.
954 2477 1025 2533 ad
1058 2477 1250 2533 lustin.
1291 2478 1394 2543 XI,
1461 2483 1515 2543 7,
1577 2481 1626 2532 6.
1670 2478 1869 2533 Matth.
1919 2478 1985 2535 de
2019 2478 2187 2533 Anac.
2240 2479 2296 2532 in
2329 2476 2492 2533 Wolf.
2527 2477 2668 2531 Ann.
2707 2476 2733 2530 Ι
2765 2475 2810 2530 1.
2846 2493 2898 2546 p.
2936 2478 3018 2528 20.

677 2546 915 2615 Madvig.
957 2546 1027 2600 ad
1054 2546 1162 2601 Cic.
1201 2546 1268 2601 de
1292 2547 1414 2601 Fin.
1440 2547 1541 2613 111,
1576 2552 1623 2614 3,
1670 2551 1747 2600 11.
1786 2565 1841 2616 p.
1876 2550 1994 2600 361.
2027 2547 2179 2601 alios.
2249 2545 2426 2602 Aliter
2463 2548 2646 2600 tamen
2683 2544 2748 2598 de
2782 2542 3021 2597 hocloco

677 2617 934 2670 statuunt
966 2614 1154 2684 Bryce,
1190 2614 1445 2670 Ribbeck.
1483 2618 1540 2669 et
1575 2614 1810 2675 Ladew„
1852 2615 1944 2686 qui
1989 2615 2170 2684 potius
2213 2617 2526 2684 sequentem
2571 2612 2904 2667 Infinitivum
2941 2610 3021 2663 in-

675 2686 912 2748 fundere
947 2682 1193 2737 absolute
1225 2683 1463 2753 positum
1499 2682 1703 2737 habent
1738 2699 1835 2752 pro
1869 2683 2174 2752 infundunt
2210 2681 2298 2748 (de
2338 2683 2489 2736 cuius
2522 2681 2682 2736 Infin.
2721 2678 2893 2734 absol.
2917 2695 3020 2732 usu

678 2751 909 2806 diximus
949 2766 1013 2803 su
1053 2767 1115 2803 ra
1149 2749 1236 2804 ad.
1277 2767 1326 2803 v.
1368 2754 1512 2821 200.)
1548 2754 1605 2805 et
1636 2767 1732 2820 pro
1770 2755 1921 2805 terea
1953 2750 2007 2804 in
2046 2749 2150 2803 fine
2188 2766 2239 2803 v.
2268 2752 2383 2806 385.
2425 2749 2589 2803 Colon
2614 2750 2845 2818 ponunt;
2885 2763 3021 2816 quae

675 2820 819 2874 ratio
853 2817 978 2873 aliis
1040 2821 1243 2873 ortasse
1281 2817 1555 2873 videbitur
1628 2834 1717 2873 rae
1742 2806 1955 2873 ere‘nd'a.
1988 2849 2052 2857 —
2089 2817 2229 2872 Aves
2264 2820 2406 2873 eirca
2429 2818 2718 2886 Caystrum
2742 2818 3019 2870 versantes

676 2890 806 2941 sunt
843 2885 1020 2955 cycni,
1059 2902 1286 2955 quorum
1323 2902 1525 2956 magna
1562 2887 1583 2940 i
1621 2886 1638 2940 i
1672 2886 2046 2941 inveniebatur
2080 2900 2139 2938 co
2177 2885 2244 2940 ia.
2320 2885 2546 2955 Cayster
2580 2888 2761 2939 autem
2797 2899 2843 2936 s.
2881 2882 3016 2951 Cay-

676 2959 850 3019 strus,
888 2953 1085 3008 fluvius
1119 2954 1279 3008 Asiae
1313 2955 1558 3017 minoris,
1607 2953 1753 3008 haud
1786 2953 1970 3032 procul
2006 2953 2095 3007 ab'
2192 2952 2320 3008 heso
2353 2954 2410 3007 in
2454 2969 2601 3007 mare
2638 2968 2695 3005 se
2742 2948 3018 3005 effundens

672 3039 830 3143 2²⁶1*
865 3021 1331 3144 gigiffilsegrifflimr
1358 3024 1425 3143 ἐξ
1441 3022 1660 3143 omn...
1691 3020 2240 3144 {effissnffmitna‘ssndtm
2276 3027 2473 3102 ΜΨ
2505 3023 2562 3100 ‘²‘
2589 3016 3020 3141 ‘'ffdffossffi‘ilt

671 3107 903 3237 Πῗιῗθο.
948 3130 1130 3225 (mim
1183 3105 1899 3238 ³3³3..5..;{5¹¹}⁸}22555315„
1951 3130 2100 3277 0125.qu
2160 3105 2662 3278 Qssaeffffiffffid.
2700 3125 3014 3232 ‘lmen-eso]

671 3227 825 3281 Dion.
861 3224 985 3279 Per.
1024 3227 1122 3278 833
1159 3241 1275 3296 sqq.
1315 3224 1471 3279 Ond.
1513 3224 1645 3280 Met.
1681 3224 1763 3281 ΙΙ.
1805 3227 1921 3278 252.
2014 3224 2058 3286 Ι,
2106 3228 2222 3278 386.
2360 3224 2510 3279 rtlal.
2555 3223 2608 3288 Ι,
2658 3226 2741 3276 56.
2789 3220 2908 3282 ahl,
2950 3220 3015 3274 de

670 3295 785 3364 ipso
823 3296 1007 3347 autem
1041 3291 1222 3356 fluvio,
1265 3294 1355 3363 qui
1390 3308 1533 3347 nunc
1555 3291 1718 3346 Kar-a
1746 3291 1830 3345 Su
1866 3293 2081 3359 (fiumen
2116 3294 2353 3363 nigrum)
2380 3309 2425 3345 s.
2456 3290 2736 3345 Kutschuk
2760 3288 3017 3342 Meinder

671 3370 891 3432 (parvus
924 3359 1236 3426 Maeander)
1273 3377 1307 3414 a
1340 3361 1600 3441 pellatur,
1643 3360 1842 3414 librum
1884 3376 2063 3414 meum
2098 3376 2279 3429 geogr.
2315 3360 2392 3414 11.
2470 3399 2484 3412 .
2516 3362 2610 3414 175
2642 3375 2720 3428 sq.
2751 3388 2815 3397 -
2842 3355 3014 3409 Asia.

715 3438 896 3491 rata,
934 3444 1032 3497 pro
1060 3428 1257 3498 quibus
1280 3378 1387 3483 azio
1407 3428 1540 3492 loco,
1577 3429 1708 3483 Aen.
1734 3427 1857 3491 VH,
1882 3432 2021 3491 701..
2039 3433 2044 3437 ’
2062 3429 2258 3482 Asiam
2317 3377 2537 3482 azzufem
2561 3425 2696 3506 dixit
2721 3423 3009 3492 Vergilius,

662 3449 794 3552 {loli
828 3500 1010 3552 autem
1048 3495 1373 3551 confundere
1410 3498 1609 3550 Asiam
1646 3496 1816 3562 (brevi
1854 3496 2281 3566 antepenultima
2305 3537 2318 3559 ,
2355 3496 2531 3550 totam
2567 3495 2714 3549 orbis
2745 3495 3011 3546 terrarum

670 3568 898 3634 partem,
939 3579 1061 3618 cum
1095 3564 1238 3618 Asia
1275 3564 1387 3626 (lon
1427 3581 1461 3619 a
1495 3563 1873 3634 antepenult.),
1911 3564 2025 3618 eius
2060 3565 2290 3634 regione,
2329 3580 2464 3632 quae
2503 3566 2587 3618 est
2609 3562 2876 3631 angustus
2899 3562 3012 3613 tra-

670 3637 789 3688 ctus
837 3632 1085 3703 paluster
1117 3632 1162 3685 L
1200 3632 1321 3687 diae
1474 3633 1761 3702 Caystrum
1806 3631 1954 3685 haud
1988 3632 2176 3701 procul
2215 3648 2248 3686 a
2281 3630 2467 3685 Tmolo
2511 3630 2650 3686 situs
2695 3631 2857 3700 atque
2901 3627 3007 3682 iam

669 3701 899 3757 Homero
934 3701 1098 3753 notus
1187 3743 1199 3754 .
1233 3699 1307 3764 11,
1349 3704 1469 3755 461.
1506 3698 1542 3765 ἢ
1575 3699 1797 3754 κύκνων
1835 3699 2270 3772 δουλιχοδείρων
2296 3697 2460 3768 Ἀσίῳ
2498 3697 2559 3754 ἔν
2595 3701 2829 3769 λειμῶνι
2851 3700 3012 3748 Καϋ-

671 3776 868 3839 στρίου
910 3767 1067 3849 ἀμφὶ
1108 3768 1315 3839 ῥέεθρα
1359 3775 1542 3837 (quem
1590 3767 1855 3837 expressit
1886 3766 2158 3836 Vergilius
2200 3783 2251 3821 v.
2292 3768 2411 3821 383.
2449 3768 2558 3833 84.)
2594 3766 2731 3820 Dion
2799 3764 2848 3819 io
2881 3762 3006 3818 Per.

669 3853 719 3891 v.
756 3839 873 3892 836.
914 3835 1116 3890 dicitur
1152 3834 1363 3906 λειμών
1402 3837 1462 3891 ἐν
1495 3835 1698 3890 Ἀσίδα.
1770 3834 1853 3889 Cf.
1896 3835 2035 3889 liber
2078 3851 2228 3890 meus
2273 3834 2430 3889 modo
2473 3850 2664 3889 comm.
2714 3834 2739 3888 1
2775 3873 2787 3885 .
2831 3848 2886 3912 p.
2925 3834 3009 3886 38.

668 3907 780 3960 not.
818 3908 901 3959 77.
939 3907 998 3958 et
1034 3920 1088 3973 p.
1133 3907 1245 3958 169.
1286 3906 1399 3957 not.
1438 3907 1523 3957 47.
1593 3903 1709 3957 Reli
1750 3919 1820 3956 ua
1853 3903 2051 3972 partim
2090 3919 2122 3956 a
2153 3904 2388 3958 Varrone
2430 3902 2674 3964 Atacino,
2715 3903 2915 3972 partun
2940 3900 3009 3953 ab

668 3976 834 4027 Arato
863 3971 992 4039 (vid.
1029 3975 1215 4041 supra)
1258 3975 1478 4041 sumpta
1521 3988 1663 4032 esse,
1713 3921 1874 4026 docet
1926 3971 2098 4039 Heyn.
2139 4003 2203 4011 —
2243 3980 2527 4038 „stayna
2563 3972 2709 4024 recte
2747 3966 3007 4046 dulczfl,

669 4043 857 4122 utpote
891 4040 999 4095 vivi
1034 4043 1091 4118 et
1122 4040 1369 4109 perennis
1404 4040 1572 4121 fluvii,
1610 4056 1730 4120 non·
1753 4039 1864 4093 situ
1899 4039 2256 4118 putrescentis
2290 4042 2518 4109 aquae.“
2561 4036 2741 4107 Heyn.
2787 4036 3009 4154 Rectdus

669 4108 879 4257 ἓξὲξ
920 4109 1115 4258 mm..
1115 4115 1342 4231 :mmm
1335 4107 1788 4256 samem?
1847 4106 2381 4254 ,¹35¹22.;¹2.,05¹1.22{3‡
2406 4105 2868 4254 mma.
2916 4118 3007 4248 033:

671 4261 784 4299 ems
819 4244 1025 4308 dulcia,
1066 4247 1225 4312 grata
1258 4248 1403 4298 sunt.
1443 4276 1510 4284 -—
1541 4260 1784 4298 rumara
1820 4249 2025 4314 prata
2097 4258 2154 4295 ro
2193 4241 2450 4311 simplici:
2503 4256 2705 4296 versari
2737 4255 2793 4294 m
2831 4239 3006 4308 pratis

669 4313 688 4376 (
693 4313 909 4368 flumine
954 4310 1275 4376 inundatis.)
1346 4311 1604 4376 Rimari,
1662 4310 1802 4382 quod
1852 4311 2014 4365 etiam
2101 4327 2129 4364 e
2171 4310 2357 4365 suibus
2392 4312 2449 4365 et
2484 4309 2706 4364 canibus
2744 4304 3002 4362 venaticis

670 4380 882 4446 dicitur,
917 4379 1131 4451 proprie
1165 4380 1439 4448 significat
1472 4395 1653 4435 omnes
1688 4380 1853 4433 rimas
1886 4376 2186 4432 inveniendi
2224 4394 2386 4433 causa
2420 4377 2725 4449 perquirere
2760 4375 2869 4442 (hic
2901 4373 3003 4442 igi-

668 4453 761 4503 tur
793 4449 990 4504 herbas
1025 4447 1109 4503 vel
1149 4447 1257 4502 alia
1290 4447 1492 4517 pabula
1530 4465 1592 4502 ex
1627 4447 1777 4501 rimis
1817 4464 1860 4500 s.
1898 4445 2040 4501 cavis
2083 4447 2229 4516 ripae
2268 4449 2324 4501 et
2366 4446 2502 4502 alvei
2536 4445 2765 4510 eruere),
2810 4439 3003 4498 deinde

671 4518 901 4582 omnino,
939 4532 1078 4597 quae
1110 4516 1431 4597 abscondita
1465 4520 1611 4581 sunt,
1648 4531 1926 4587 quaerere,
1968 4514 2216 4569 scrutari.
2285 4513 2367 4570 Cf.
2405 4514 2539 4570 Aen.
2575 4512 2650 4567 Vl
2668 4552 2682 4576 ‚
2729 4515 2846 4567 597.
2885 4507 3002 4567 vul·

668 4593 758 4639 mr
793 4618 814 4629 ·
851 4615 876 4628 ·
904 4601 1120 4640 vescera
1150 4591 1387 4638 amatur
1421 4582 1615 4657 epulas,
1657 4586 1712 4639 et
1736 4582 1935 4652 Barth.
1972 4580 2042 4638 ad
2078 4581 2293 4638 Nemes.
2328 4582 2463 4653 Cyn.
2497 4587 2581 4639 49.
2622 4613 2689 4625 -
2742 4578 2872 4644 885.
2913 4576 2999 4634 Cf-
