<?xml version="1.0" encoding="UTF-8"?>
<!DOCTYPE html PUBLIC "-//W3C//DTD XHTML 1.0 Transitional//EN"
    "http://www.w3.org/TR/xhtml1/DTD/xhtml1-transitional.dtd">
<html xmlns="http://www.w3.org/1999/xhtml" xml:lang="en" lang="en">
 <head>
  <title>
</title>
<meta http-equiv="Content-Type" content="text/html;charset=utf-8" />
  <meta name='ocr-system' content='tesseract 3.04.00' />
  <meta name='ocr-capabilities' content='ocr_page ocr_carea ocr_par ocr_line ocrx_word'/>
</head>
<body>
  <div class='ocr_page' id='page_1' title='image "./pvergilimaronis16virggoog/pvergilimaronis16virggoog_0321.png"; bbox 0 0 3616 5026; ppageno 0'>
   <div class='ocr_carea' id='block_1_1' title="bbox 1537 218 3114 293">
    <p class='ocr_par' dir='ltr' id='par_1_1' title="bbox 1537 218 3114 293">
     <span class='ocr_line' id='line_1_1' title="bbox 1537 218 3114 293; baseline 0.004 -6"><span class='ocrx_word' id='word_1_1' title='bbox 1537 218 2066 289; x_wconf 83' lang='lat' dir='ltr'><strong>GEORGICON</strong></span> <span class='ocrx_word' id='word_1_2' title='bbox 2105 218 2269 287; x_wconf 92' lang='lat' dir='ltr'><strong>LIB.</strong></span> <span class='ocrx_word' id='word_1_3' title='bbox 2311 219 2395 285; x_wconf 93' lang='grc' dir='ltr'><strong>Π.</strong></span> <span class='ocrx_word' id='word_1_4' title='bbox 3001 231 3114 293; x_wconf 82' lang='grc'><strong>311</strong></span> 
     </span>
    </p>
   </div>
   <div class='ocr_carea' id='block_1_2' title="bbox 778 384 3118 890">
    <p class='ocr_par' dir='ltr' id='par_1_2' title="bbox 778 384 2606 487">
     <span class='ocr_line' id='line_1_2' title="bbox 778 384 2606 487; baseline 0 -36"><span class='ocrx_word' id='word_1_5' title='bbox 778 384 1124 451; x_wconf 77' lang='lat' dir='ltr'><strong>Laudibus</strong></span> <span class='ocrx_word' id='word_1_6' title='bbox 1164 385 1395 452; x_wconf 82' lang='lat' dir='ltr'><strong>Italiae</strong></span> <span class='ocrx_word' id='word_1_7' title='bbox 1441 395 1704 469; x_wconf 84' lang='lat' dir='ltr'><strong>certent,</strong></span> <span class='ocrx_word' id='word_1_8' title='bbox 1748 410 1879 452; x_wconf 91' lang='lat' dir='ltr'><strong>non</strong></span> <span class='ocrx_word' id='word_1_9' title='bbox 1921 387 2165 453; x_wconf 89' lang='lat' dir='ltr'><strong>Bactra</strong></span> <span class='ocrx_word' id='word_1_10' title='bbox 2205 409 2415 487; x_wconf 75' lang='lat' dir='ltr'><strong>neque</strong></span> <span class='ocrx_word' id='word_1_11' title='bbox 2460 385 2606 452; x_wconf 84' lang='lat' dir='ltr'><strong>[ndi</strong></span> 
     </span>
    </p>

    <p class='ocr_par' dir='ltr' id='par_1_3' title="bbox 782 468 2401 558">
     <span class='ocr_line' id='line_1_3' title="bbox 782 468 2401 558; baseline 0.002 -24"><span class='ocrx_word' id='word_1_12' title='bbox 782 468 1076 557; x_wconf 86' lang='lat' dir='ltr'><strong>Totaque</strong></span> <span class='ocrx_word' id='word_1_13' title='bbox 1117 471 1401 536; x_wconf 83' lang='lat' dir='ltr'>turiferis</span> <span class='ocrx_word' id='word_1_14' title='bbox 1444 470 1779 536; x_wconf 81' lang='lat' dir='ltr'><strong>Panchaia</strong></span> <span class='ocrx_word' id='word_1_15' title='bbox 1821 471 2081 558; x_wconf 85' lang='lat' dir='ltr'><strong>pinguis</strong></span> <span class='ocrx_word' id='word_1_16' title='bbox 2123 471 2401 537; x_wconf 77' lang='lat' dir='ltr'><strong>harenis.</strong></span> 
     </span>
    </p>

    <p class='ocr_par' dir='ltr' id='par_1_4' title="bbox 779 551 3118 703">
     <span class='ocr_line' id='line_1_4' title="bbox 779 551 3118 641; baseline 0 -25"><span class='ocrx_word' id='word_1_17' title='bbox 779 552 964 617; x_wconf 89' lang='lat' dir='ltr'><strong>Haec</strong></span> <span class='ocrx_word' id='word_1_18' title='bbox 1010 551 1158 617; x_wconf 90' lang='lat' dir='ltr'><strong>loca</strong></span> <span class='ocrx_word' id='word_1_19' title='bbox 1198 576 1327 619; x_wconf 91' lang='lat' dir='ltr'><strong>non</strong></span> <span class='ocrx_word' id='word_1_20' title='bbox 1369 557 1541 620; x_wconf 88' lang='lat' dir='ltr'><strong>tauri</strong></span> <span class='ocrx_word' id='word_1_21' title='bbox 1587 554 1911 640; x_wconf 78' lang='lat' dir='ltr'><strong>spirantes</strong></span> <span class='ocrx_word' id='word_1_22' title='bbox 1955 552 2225 619; x_wconf 89' lang='lat' dir='ltr'><strong>naribus</strong></span> <span class='ocrx_word' id='word_1_23' title='bbox 2269 558 2487 641; x_wconf 85' lang='lat' dir='ltr'><strong>ignem</strong></span> <span class='ocrx_word' id='word_1_24' title='bbox 3025 567 3118 616; x_wconf 80' lang='lat'><strong>140</strong></span> 
     </span>
     <span class='ocr_line' id='line_1_5' title="bbox 780 635 2221 703; baseline 0 -2"><span class='ocrx_word' id='word_1_25' title='bbox 780 635 1111 702; x_wconf 87' lang='lat' dir='ltr'><strong>Invertere</strong></span> <span class='ocrx_word' id='word_1_26' title='bbox 1157 640 1315 702; x_wconf 81' lang='lat' dir='ltr'><strong>satis</strong></span> <span class='ocrx_word' id='word_1_27' title='bbox 1359 639 1639 703; x_wconf 90' lang='lat' dir='ltr'><strong>inmanis</strong></span> <span class='ocrx_word' id='word_1_28' title='bbox 1684 636 1983 703; x_wconf 80' lang='lat' dir='ltr'><strong>dentibus</strong></span> <span class='ocrx_word' id='word_1_29' title='bbox 2026 637 2070 702; x_wconf 88' lang='lat' dir='ltr'><strong>h</strong></span> <span class='ocrx_word' id='word_1_30' title='bbox 2119 636 2221 701; x_wconf 90' lang='lat' dir='ltr'><strong>dri</strong></span> 
     </span>
    </p>

    <p class='ocr_par' dir='ltr' id='par_1_5' title="bbox 783 718 2613 809">
     <span class='ocr_line' id='line_1_6' title="bbox 783 718 2613 809; baseline 0.001 -26"><span class='ocrx_word' id='word_1_31' title='bbox 783 720 917 784; x_wconf 90' lang='lat' dir='ltr'><strong>Nec</strong></span> <span class='ocrx_word' id='word_1_32' title='bbox 963 718 1169 805; x_wconf 84' lang='lat' dir='ltr'><strong>galeis</strong></span> <span class='ocrx_word' id='word_1_33' title='bbox 1208 720 1554 809; x_wconf 86' lang='lat' dir='ltr'><strong>densisque</strong></span> <span class='ocrx_word' id='word_1_34' title='bbox 1597 722 1811 785; x_wconf 71' lang='lat' dir='ltr'><strong>virum</strong></span> <span class='ocrx_word' id='word_1_35' title='bbox 1858 744 2042 807; x_wconf 86' lang='lat' dir='ltr'><strong>seges</strong></span> <span class='ocrx_word' id='word_1_36' title='bbox 2130 722 2335 785; x_wconf 85' lang='lat' dir='ltr'><strong>orruit</strong></span> <span class='ocrx_word' id='word_1_37' title='bbox 2376 721 2613 795; x_wconf 85' lang='lat' dir='ltr'><strong>hastis;</strong></span> 
     </span>
    </p>

    <p class='ocr_par' dir='ltr' id='par_1_6' title="bbox 784 801 2563 890">
     <span class='ocr_line' id='line_1_7' title="bbox 784 801 2563 890; baseline 0.001 -24"><span class='ocrx_word' id='word_1_38' title='bbox 784 801 914 867; x_wconf 84' lang='lat' dir='ltr'><strong>Sed</strong></span> <span class='ocrx_word' id='word_1_39' title='bbox 956 803 1271 889; x_wconf 84' lang='lat' dir='ltr'><strong>gravidae</strong></span> <span class='ocrx_word' id='word_1_40' title='bbox 1310 805 1532 890; x_wconf 87' lang='lat' dir='ltr'><strong>fruges</strong></span> <span class='ocrx_word' id='word_1_41' title='bbox 1580 813 1644 869; x_wconf 89' lang='lat' dir='ltr'><strong>et</strong></span> <span class='ocrx_word' id='word_1_42' title='bbox 1683 804 1925 869; x_wconf 89' lang='lat' dir='ltr'><strong>Bacchi</strong></span> <span class='ocrx_word' id='word_1_43' title='bbox 1969 804 2290 870; x_wconf 85' lang='lat' dir='ltr'><strong>Massicus</strong></span> <span class='ocrx_word' id='word_1_44' title='bbox 2333 803 2563 869; x_wconf 85' lang='lat' dir='ltr'><strong>humor</strong></span> 
     </span>
    </p>
   </div>
   <div class='ocr_carea' id='block_1_3' title="bbox 767 1036 3116 3072">
    <p class='ocr_par' dir='ltr' id='par_1_7' title="bbox 767 1036 3116 3072">
     <span class='ocr_line' id='line_1_8' title="bbox 777 1036 3115 1109; baseline -0.001 -18"><span class='ocrx_word' id='word_1_45' title='bbox 777 1037 993 1092; x_wconf 85' lang='lat' dir='ltr'><strong>Arrian.</strong></span> <span class='ocrx_word' id='word_1_46' title='bbox 1031 1037 1146 1092; x_wconf 89' lang='lat' dir='ltr'><strong>Ind.</strong></span> <span class='ocrx_word' id='word_1_47' title='bbox 1186 1054 1230 1091; x_wconf 91' lang='lat' dir='ltr'><strong>c.</strong></span> <span class='ocrx_word' id='word_1_48' title='bbox 1273 1041 1351 1091; x_wconf 86' lang='lat'><strong>10.</strong></span> <span class='ocrx_word' id='word_1_49' title='bbox 1389 1037 1532 1093; x_wconf 84' lang='lat' dir='ltr'><strong>Mela</strong></span> <span class='ocrx_word' id='word_1_50' title='bbox 1568 1037 1667 1096; x_wconf 87' lang='lat'><strong>111.</strong></span> <span class='ocrx_word' id='word_1_51' title='bbox 1711 1043 1758 1094; x_wconf 80' lang='lat'><strong>7.</strong></span> <span class='ocrx_word' id='word_1_52' title='bbox 1796 1043 1826 1091; x_wconf 84' lang='grc'>5</span> <span class='ocrx_word' id='word_1_53' title='bbox 1864 1055 1984 1109; x_wconf 87' lang='lat' dir='ltr'><strong>sqq.</strong></span> <span class='ocrx_word' id='word_1_54' title='bbox 2024 1038 2163 1093; x_wconf 92' lang='lat' dir='ltr'><strong>Plin.</strong></span> <span class='ocrx_word' id='word_1_55' title='bbox 2203 1037 2304 1094; x_wconf 86' lang='lat' dir='ltr'><strong>VI.</strong></span> <span class='ocrx_word' id='word_1_56' title='bbox 2349 1040 2428 1097; x_wconf 86' lang='grc'><strong>18,</strong></span> <span class='ocrx_word' id='word_1_57' title='bbox 2467 1041 2549 1091; x_wconf 89' lang='grc'><strong>22.</strong></span> <span class='ocrx_word' id='word_1_58' title='bbox 2585 1037 2707 1099; x_wconf 82' lang='lat' dir='ltr'><strong>vn,</strong></span> <span class='ocrx_word' id='word_1_59' title='bbox 2753 1043 2795 1102; x_wconf 78' lang='lat'><strong>1,</strong></span> <span class='ocrx_word' id='word_1_60' title='bbox 2838 1041 2888 1092; x_wconf 90' lang='grc'><strong>2.</strong></span> <span class='ocrx_word' id='word_1_61' title='bbox 2930 1036 3021 1091; x_wconf 81' lang='lat' dir='ltr'><strong>alii</strong></span> <span class='ocrx_word' id='word_1_62' title='bbox 3060 1037 3115 1089; x_wconf 85' lang='lat' dir='ltr'><strong>et</strong></span> 
     </span>
     <span class='ocr_line' id='line_1_9' title="bbox 776 1104 3114 1177; baseline -0 -18"><span class='ocrx_word' id='word_1_63' title='bbox 776 1105 914 1159; x_wconf 87' lang='lat' dir='ltr'><strong>liber</strong></span> <span class='ocrx_word' id='word_1_64' title='bbox 949 1122 1098 1159; x_wconf 90' lang='lat' dir='ltr'><strong>meus</strong></span> <span class='ocrx_word' id='word_1_65' title='bbox 1133 1104 1288 1158; x_wconf 88' lang='lat' dir='ltr'><strong>modo</strong></span> <span class='ocrx_word' id='word_1_66' title='bbox 1324 1122 1514 1159; x_wconf 89' lang='lat' dir='ltr'><strong>comm.</strong></span> <span class='ocrx_word' id='word_1_67' title='bbox 1548 1106 1619 1159; x_wconf 86' lang='lat'><strong>11.</strong></span> <span class='ocrx_word' id='word_1_68' title='bbox 1661 1124 1711 1175; x_wconf 83' lang='lat' dir='ltr'><strong>p.</strong></span> <span class='ocrx_word' id='word_1_69' title='bbox 1738 1111 1801 1161; x_wconf 79' lang='lat'><strong>60</strong></span> <span class='ocrx_word' id='word_1_70' title='bbox 1830 1119 1970 1177; x_wconf 63' lang='lat' dir='ltr'><strong>sqq.v</strong></span> <span class='ocrx_word' id='word_1_71' title='bbox 2008 1125 2101 1177; x_wconf 86' lang='lat' dir='ltr'><strong>pro</strong></span> <span class='ocrx_word' id='word_1_72' title='bbox 2131 1109 2246 1176; x_wconf 83' lang='lat' dir='ltr'><strong>ipsa</strong></span> <span class='ocrx_word' id='word_1_73' title='bbox 2265 1106 2437 1160; x_wconf 83' lang='lat' dir='ltr'><strong>India.</strong></span> <span class='ocrx_word' id='word_1_74' title='bbox 2478 1106 2553 1158; x_wconf 88' lang='lat' dir='ltr'><strong>sic</strong></span> <span class='ocrx_word' id='word_1_75' title='bbox 2585 1106 2886 1171; x_wconf 77' lang='lat' dir='ltr'><strong>Hermus,</strong></span> <span class='ocrx_word' id='word_1_76' title='bbox 2913 1104 3114 1174; x_wconf 72' lang='lat' dir='ltr'><strong>Lydiae</strong></span> 
     </span>
     <span class='ocr_line' id='line_1_10' title="bbox 778 1173 3110 1243; baseline -0.001 -16"><span class='ocrx_word' id='word_1_77' title='bbox 778 1174 999 1234; x_wconf 78' lang='lat' dir='ltr'><strong>fluvius,</strong></span> <span class='ocrx_word' id='word_1_78' title='bbox 1065 1190 1092 1227; x_wconf 88' lang='lat' dir='ltr'><strong>e</strong></span> <span class='ocrx_word' id='word_1_79' title='bbox 1126 1173 1362 1242; x_wconf 66' lang='lat' dir='ltr'><strong>Phrygia</strong></span> <span class='ocrx_word' id='word_1_80' title='bbox 1413 1173 1736 1227; x_wconf 87' lang='lat' dir='ltr'><strong>descendens</strong></span> <span class='ocrx_word' id='word_1_81' title='bbox 1787 1179 1841 1228; x_wconf 81' lang='lat' dir='ltr'><strong>et</strong></span> <span class='ocrx_word' id='word_1_82' title='bbox 1879 1192 1998 1228; x_wconf 85' lang='lat' dir='ltr'><strong>mox</strong></span> <span class='ocrx_word' id='word_1_83' title='bbox 2041 1175 2261 1229; x_wconf 75' lang='lat' dir='ltr'><strong>Pactolo</strong></span> <span class='ocrx_word' id='word_1_84' title='bbox 2298 1174 2525 1242; x_wconf 83' lang='lat' dir='ltr'><strong>aliisque</strong></span> <span class='ocrx_word' id='word_1_85' title='bbox 2563 1173 2737 1226; x_wconf 80' lang='lat' dir='ltr'><strong>fluviis</strong></span> <span class='ocrx_word' id='word_1_86' title='bbox 2782 1175 3016 1243; x_wconf 78' lang='lat' dir='ltr'><strong>exceptis</strong></span> <span class='ocrx_word' id='word_1_87' title='bbox 3059 1173 3110 1225; x_wconf 88' lang='lat' dir='ltr'><strong>in</strong></span> 
     </span>
     <span class='ocr_line' id='line_1_11' title="bbox 777 1239 3116 1312; baseline -0.001 -17"><span class='ocrx_word' id='word_1_88' title='bbox 777 1241 953 1295; x_wconf 86' lang='lat' dir='ltr'><strong>sinum</strong></span> <span class='ocrx_word' id='word_1_89' title='bbox 988 1241 1336 1302; x_wconf 80' lang='lat' dir='ltr'><strong>varnaeum</strong></span> <span class='ocrx_word' id='word_1_90' title='bbox 1371 1257 1429 1295; x_wconf 91' lang='lat' dir='ltr'><strong>se</strong></span> <span class='ocrx_word' id='word_1_91' title='bbox 1464 1242 1756 1300; x_wconf 83' lang='lat' dir='ltr'><strong>effundens.</strong></span> <span class='ocrx_word' id='word_1_92' title='bbox 1796 1243 1882 1306; x_wconf 65' lang='lat' dir='ltr'><strong>ule</strong></span> <span class='ocrx_word' id='word_1_93' title='bbox 1920 1260 2040 1312; x_wconf 90' lang='lat' dir='ltr'><strong>quo,</strong></span> <span class='ocrx_word' id='word_1_94' title='bbox 2079 1260 2219 1297; x_wconf 87' lang='lat' dir='ltr'><strong>nunc</strong></span> <span class='ocrx_word' id='word_1_95' title='bbox 2257 1243 2455 1295; x_wconf 76' lang='lat' dir='ltr'><strong>Kodus</strong></span> <span class='ocrx_word' id='word_1_96' title='bbox 2490 1259 2533 1295; x_wconf 76' lang='grc'><strong>3.</strong></span> <span class='ocrx_word' id='word_1_97' title='bbox 2557 1239 2793 1295; x_wconf 73' lang='lat' dir='ltr'><strong>Glzicde&#39;z</strong></span> <span class='ocrx_word' id='word_1_98' title='bbox 2830 1244 2915 1296; x_wconf 86' lang='lat' dir='ltr'><strong>vel</strong></span> <span class='ocrx_word' id='word_1_99' title='bbox 2942 1242 3116 1295; x_wconf 74' lang='lat' dir='ltr'><strong>Sara-</strong></span> 
     </span>
     <span class='ocr_line' id='line_1_12' title="bbox 778 1298 3114 1378; baseline 0 -16"><span class='ocrx_word' id='word_1_100' title='bbox 778 1312 891 1362; x_wconf 74' lang='lat' dir='ltr'><strong>bad</strong></span> <span class='ocrx_word' id='word_1_101' title='bbox 922 1325 991 1378; x_wconf 80' lang='lat' dir='ltr'><strong>ap</strong></span> <span class='ocrx_word' id='word_1_102' title='bbox 1061 1298 1220 1368; x_wconf 73' lang='lat' dir='ltr'><strong>nato,</strong></span> <span class='ocrx_word' id='word_1_103' title='bbox 1271 1308 1379 1363; x_wconf 82' lang='lat' dir='ltr'><strong>vid.</strong></span> <span class='ocrx_word' id='word_1_104' title='bbox 1415 1309 1596 1364; x_wconf 78' lang='lat' dir='ltr'><strong>Strab.</strong></span> <span class='ocrx_word' id='word_1_105' title='bbox 1634 1310 1782 1364; x_wconf 83' lang='lat' dir='ltr'><strong>xm.</strong></span> <span class='ocrx_word' id='word_1_106' title='bbox 1822 1328 1873 1378; x_wconf 86' lang='lat' dir='ltr'><strong>p.</strong></span> <span class='ocrx_word' id='word_1_107' title='bbox 1916 1315 2031 1365; x_wconf 71' lang='lat' dir='ltr'><strong>oze.</strong></span> <span class='ocrx_word' id='word_1_108' title='bbox 2068 1310 2208 1365; x_wconf 77' lang='lat' dir='ltr'><strong>Plin.</strong></span> <span class='ocrx_word' id='word_1_109' title='bbox 2245 1310 2324 1370; x_wconf 81' lang='lat' dir='ltr'><strong>v,</strong></span> <span class='ocrx_word' id='word_1_110' title='bbox 2376 1312 2467 1371; x_wconf 82' lang='lat'><strong>29,</strong></span> <span class='ocrx_word' id='word_1_111' title='bbox 2514 1312 2596 1362; x_wconf 85' lang='lat'><strong>31.</strong></span> <span class='ocrx_word' id='word_1_112' title='bbox 2641 1308 2785 1362; x_wconf 75' lang='lat' dir='ltr'><strong>Mela</strong></span> <span class='ocrx_word' id='word_1_113' title='bbox 2827 1312 2881 1373; x_wconf 87' lang='lat'><strong>1,</strong></span> <span class='ocrx_word' id='word_1_114' title='bbox 2933 1314 3018 1370; x_wconf 77' lang='grc' dir='ltr'><strong>ιτ,</strong></span> <span class='ocrx_word' id='word_1_115' title='bbox 3066 1314 3114 1363; x_wconf 79' lang='grc'><strong>3.</strong></span> 
     </span>
     <span class='ocr_line' id='line_1_13' title="bbox 777 1375 3115 1457; baseline 0 -28"><span class='ocrx_word' id='word_1_116' title='bbox 777 1376 871 1430; x_wconf 83' lang='lat' dir='ltr'><strong>alii</strong></span> <span class='ocrx_word' id='word_1_117' title='bbox 907 1378 964 1430; x_wconf 90' lang='lat' dir='ltr'><strong>et</strong></span> <span class='ocrx_word' id='word_1_118' title='bbox 1022 1376 1134 1431; x_wconf 84' lang='lat' dir='ltr'><strong>&#39;ber</strong></span> <span class='ocrx_word' id='word_1_119' title='bbox 1167 1393 1316 1431; x_wconf 90' lang='lat' dir='ltr'><strong>meus</strong></span> <span class='ocrx_word' id='word_1_120' title='bbox 1352 1394 1538 1457; x_wconf 77' lang='lat' dir='ltr'><strong>geogr.</strong></span> <span class='ocrx_word' id='word_1_121' title='bbox 1574 1377 1643 1432; x_wconf 92' lang='lat' dir='ltr'><strong>Il.</strong></span> <span class='ocrx_word' id='word_1_122' title='bbox 1681 1395 1732 1446; x_wconf 83' lang='lat' dir='ltr'><strong>p.</strong></span> <span class='ocrx_word' id='word_1_123' title='bbox 1783 1382 1945 1441; x_wconf 65' lang='lat' dir='ltr'><strong>loz),</strong></span> <span class='ocrx_word' id='word_1_124' title='bbox 2009 1395 2103 1448; x_wconf 89' lang='lat' dir='ltr'><strong>pro</strong></span> <span class='ocrx_word' id='word_1_125' title='bbox 2140 1379 2269 1432; x_wconf 88' lang='lat' dir='ltr'><strong>Asia</strong></span> <span class='ocrx_word' id='word_1_126' title='bbox 2302 1378 2507 1431; x_wconf 85' lang='lat' dir='ltr'><strong>Minore</strong></span> <span class='ocrx_word' id='word_1_127' title='bbox 2551 1375 2774 1446; x_wconf 88' lang='lat' dir='ltr'><strong>positus.</strong></span> <span class='ocrx_word' id='word_1_128' title='bbox 2830 1408 2897 1417; x_wconf 94' lang='lat'><strong>—</strong></span> <span class='ocrx_word' id='word_1_129' title='bbox 2950 1396 3115 1430; x_wconf 78' lang='lat' dir='ltr'><strong>auro</strong></span> 
     </span>
     <span class='ocr_line' id='line_1_14' title="bbox 778 1443 3113 1514; baseline 0.001 -18"><span class='ocrx_word' id='word_1_130' title='bbox 778 1445 1088 1499; x_wconf 78' lang='lat' dir='ltr'><strong>turbidus</strong></span> <span class='ocrx_word' id='word_1_131' title='bbox 1123 1444 1405 1498; x_wconf 71' lang='lat' dir='ltr'><strong>Hermus</strong></span> <span class='ocrx_word' id='word_1_132' title='bbox 1442 1445 1759 1514; x_wconf 77' lang='lat' dir='ltr'><strong>slmpliciter</strong></span> <span class='ocrx_word' id='word_1_133' title='bbox 1792 1462 1889 1513; x_wconf 89' lang='lat' dir='ltr'><strong>pro</strong></span> <span class='ocrx_word' id='word_1_134' title='bbox 1933 1445 2148 1500; x_wconf 85' lang='lat' dir='ltr'><strong>aurifer.</strong></span> <span class='ocrx_word' id='word_1_135' title='bbox 2189 1446 2555 1514; x_wconf 85' lang='lat' dir='ltr'><strong>Respexerunt</strong></span> <span class='ocrx_word' id='word_1_136' title='bbox 2599 1443 2738 1498; x_wconf 88' lang='lat' dir='ltr'><strong>hunc</strong></span> <span class='ocrx_word' id='word_1_137' title='bbox 2775 1443 2952 1499; x_wconf 89' lang='lat' dir='ltr'><strong>locum</strong></span> <span class='ocrx_word' id='word_1_138' title='bbox 2969 1445 3113 1498; x_wconf 85' lang='lat' dir='ltr'><strong>Mar-</strong></span> 
     </span>
     <span class='ocr_line' id='line_1_15' title="bbox 776 1510 3111 1573; baseline -0 -7"><span class='ocrx_word' id='word_1_139' title='bbox 776 1511 892 1566; x_wconf 83' lang='lat' dir='ltr'><strong>tial.</strong></span> <span class='ocrx_word' id='word_1_140' title='bbox 938 1511 1096 1570; x_wconf 85' lang='lat' dir='ltr'><strong>vm.</strong></span> <span class='ocrx_word' id='word_1_141' title='bbox 1136 1515 1224 1573; x_wconf 77' lang='lat'><strong>78,</strong></span> <span class='ocrx_word' id='word_1_142' title='bbox 1267 1517 1313 1566; x_wconf 83' lang='lat'><strong>5.</strong></span> <span class='ocrx_word' id='word_1_143' title='bbox 1366 1515 1585 1566; x_wconf 78' lang='lat' dir='ltr'><strong>turbato</strong></span> <span class='ocrx_word' id='word_1_144' title='bbox 1631 1513 1895 1565; x_wconf 68' lang='lat' dir='ltr'><strong>sordidus</strong></span> <span class='ocrx_word' id='word_1_145' title='bbox 1929 1530 2068 1565; x_wconf 73' lang='lat' dir='ltr'><strong>cmv-o</strong></span> <span class='ocrx_word' id='word_1_146' title='bbox 2111 1512 2361 1572; x_wconf 71' lang='lat' dir='ltr'><strong>Hermu-9.</strong></span> <span class='ocrx_word' id='word_1_147' title='bbox 2398 1513 2578 1567; x_wconf 86' lang='lat' dir='ltr'><strong>Senec.</strong></span> <span class='ocrx_word' id='word_1_148' title='bbox 2619 1510 2777 1564; x_wconf 86' lang='lat' dir='ltr'><strong>Herc.</strong></span> <span class='ocrx_word' id='word_1_149' title='bbox 2818 1511 2923 1567; x_wconf 86' lang='lat' dir='ltr'><strong>fur.</strong></span> <span class='ocrx_word' id='word_1_150' title='bbox 2964 1516 3111 1566; x_wconf 83' lang='lat'><strong>1325.</strong></span> 
     </span>
     <span class='ocr_line' id='line_1_16' title="bbox 782 1578 3112 1647; baseline -0.001 -14"><span class='ocrx_word' id='word_1_151' title='bbox 782 1580 1029 1645; x_wconf 65' lang='lat' dir='ltr'><strong>Tayusve</strong></span> <span class='ocrx_word' id='word_1_152' title='bbox 1055 1578 1306 1633; x_wconf 80' lang='lat' dir='ltr'><strong>Hiberna</strong></span> <span class='ocrx_word' id='word_1_153' title='bbox 1339 1581 1592 1633; x_wconf 71' lang='lat' dir='ltr'><strong>turbidus</strong></span> <span class='ocrx_word' id='word_1_154' title='bbox 1624 1598 1763 1646; x_wconf 67' lang='lat' dir='ltr'><strong>,qaza</strong></span> <span class='ocrx_word' id='word_1_155' title='bbox 1793 1580 1991 1647; x_wconf 67' lang='lat' dir='ltr'><strong>flumas,</strong></span> <span class='ocrx_word' id='word_1_156' title='bbox 2062 1579 2223 1633; x_wconf 85' lang='lat' dir='ltr'><strong>Silius</strong></span> <span class='ocrx_word' id='word_1_157' title='bbox 2242 1579 2385 1638; x_wconf 86' lang='lat' dir='ltr'><strong>XVI.</strong></span> <span class='ocrx_word' id='word_1_158' title='bbox 2424 1584 2540 1634; x_wconf 79' lang='lat'><strong>560.</strong></span> <span class='ocrx_word' id='word_1_159' title='bbox 2583 1578 2704 1641; x_wconf 76' lang='lat' dir='ltr'><strong>Qua</strong></span> <span class='ocrx_word' id='word_1_160' title='bbox 2745 1579 2926 1646; x_wconf 71' lang='lat' dir='ltr'><strong>Tuque</strong></span> <span class='ocrx_word' id='word_1_161' title='bbox 2959 1582 3112 1633; x_wconf 77' lang='lat' dir='ltr'><strong>auri-</strong></span> 
     </span>
     <span class='ocr_line' id='line_1_17' title="bbox 767 1646 3116 1716; baseline 0.001 -17"><span class='ocrx_word' id='word_1_162' title='bbox 767 1647 920 1714; x_wconf 75' lang='lat' dir='ltr'><strong>feris</strong></span> <span class='ocrx_word' id='word_1_163' title='bbox 1166 1649 1412 1700; x_wconf 61' lang='lat' dir='ltr'><strong>&amp;arbatus</strong></span> <span class='ocrx_word' id='word_1_164' title='bbox 1451 1648 1633 1701; x_wconf 71' lang='lat' dir='ltr'><strong>arenis</strong></span> <span class='ocrx_word' id='word_1_165' title='bbox 1668 1651 1724 1702; x_wconf 91' lang='lat' dir='ltr'><strong>et</strong></span> <span class='ocrx_word' id='word_1_166' title='bbox 1751 1646 2011 1702; x_wconf 87' lang='lat' dir='ltr'><strong>Prudent.</strong></span> <span class='ocrx_word' id='word_1_167' title='bbox 2048 1647 2226 1716; x_wconf 75' lang='lat' dir='ltr'><strong>hymn.</strong></span> <span class='ocrx_word' id='word_1_168' title='bbox 2273 1647 2347 1708; x_wconf 84' lang='lat'><strong>11.</strong></span> <span class='ocrx_word' id='word_1_169' title='bbox 2393 1651 2505 1702; x_wconf 74' lang='lat'><strong>19⁰.</strong></span> <span class='ocrx_word' id='word_1_170' title='bbox 2547 1646 2787 1699; x_wconf 63' lang='lat' dir='ltr'><strong>Tou-rens</strong></span> <span class='ocrx_word' id='word_1_171' title='bbox 2820 1646 2905 1699; x_wconf 84' lang='lat' dir='ltr'><strong>vel</strong></span> <span class='ocrx_word' id='word_1_172' title='bbox 2940 1649 3116 1701; x_wconf 72' lang='lat' dir='ltr'><strong>amnis</strong></span> 
     </span>
     <span class='ocr_line' id='line_1_18' title="bbox 776 1713 3112 1786; baseline 0 -19"><span class='ocrx_word' id='word_1_173' title='bbox 776 1714 929 1768; x_wconf 79' lang='lat' dir='ltr'><strong>turb&#39;</strong></span> <span class='ocrx_word' id='word_1_174' title='bbox 979 1715 991 1727; x_wconf 77' lang='lat'><strong>⁹</strong></span> <span class='ocrx_word' id='word_1_175' title='bbox 1072 1713 1304 1767; x_wconf 76' lang='lat' dir='ltr'><strong>Volcens</strong></span> <span class='ocrx_word' id='word_1_176' title='bbox 1360 1716 1548 1769; x_wconf 70' lang='lat' dir='ltr'><strong>arem’s</strong></span> <span class='ocrx_word' id='word_1_177' title='bbox 1591 1716 1859 1786; x_wconf 78' lang='lat' dir='ltr'><strong>implicat.</strong></span> <span class='ocrx_word' id='word_1_178' title='bbox 1930 1717 2012 1770; x_wconf 80' lang='lat' dir='ltr'><strong>Cf.</strong></span> <span class='ocrx_word' id='word_1_179' title='bbox 2049 1716 2318 1770; x_wconf 84' lang='lat' dir='ltr'><strong>Drakenb.</strong></span> <span class='ocrx_word' id='word_1_180' title='bbox 2362 1714 2430 1768; x_wconf 85' lang='lat' dir='ltr'><strong>ad</strong></span> <span class='ocrx_word' id='word_1_181' title='bbox 2483 1714 2675 1767; x_wconf 89' lang='lat' dir='ltr'><strong>Silium</strong></span> <span class='ocrx_word' id='word_1_182' title='bbox 2732 1714 2783 1774; x_wconf 90' lang='lat' dir='ltr'><strong>I,</strong></span> <span class='ocrx_word' id='word_1_183' title='bbox 2849 1716 2959 1768; x_wconf 82' lang='lat'><strong>159.</strong></span> <span class='ocrx_word' id='word_1_184' title='bbox 3021 1716 3112 1768; x_wconf 87' lang='lat' dir='ltr'><strong>ubi</strong></span> 
     </span>
     <span class='ocr_line' id='line_1_19' title="bbox 777 1781 3114 1851; baseline 0 -15"><span class='ocrx_word' id='word_1_185' title='bbox 777 1798 998 1851; x_wconf 83' lang='lat' dir='ltr'><strong>campus</strong></span> <span class='ocrx_word' id='word_1_186' title='bbox 1032 1781 1210 1837; x_wconf 52' lang='lat' dir='ltr'><strong>illatas</strong></span> <span class='ocrx_word' id='word_1_187' title='bbox 1255 1782 1455 1836; x_wconf 77' lang='lat' dir='ltr'><strong>Hermi</strong></span> <span class='ocrx_word' id='word_1_188' title='bbox 1495 1784 1754 1851; x_wconf 53' lang='lat' dir='ltr'><strong>flat-esve}</strong></span> <span class='ocrx_word' id='word_1_189' title='bbox 1784 1784 1982 1838; x_wconf 73' lang='lat' dir='ltr'><strong>arenis.</strong></span> <span class='ocrx_word' id='word_1_190' title='bbox 2021 1783 2226 1838; x_wconf 84' lang='lat' dir='ltr'><strong>Wakef.</strong></span> <span class='ocrx_word' id='word_1_191' title='bbox 2264 1782 2333 1836; x_wconf 86' lang='lat' dir='ltr'><strong>ad</strong></span> <span class='ocrx_word' id='word_1_192' title='bbox 2360 1782 2519 1837; x_wconf 88' lang='lat' dir='ltr'><strong>Lucr.</strong></span> <span class='ocrx_word' id='word_1_193' title='bbox 2543 1781 2588 1844; x_wconf 88' lang='lat' dir='ltr'><strong>I,</strong></span> <span class='ocrx_word' id='word_1_194' title='bbox 2616 1784 2733 1835; x_wconf 86' lang='grc'><strong>287.</strong></span> <span class='ocrx_word' id='word_1_195' title='bbox 2759 1785 2959 1836; x_wconf 89' lang='lat' dir='ltr'><strong>temere</strong></span> <span class='ocrx_word' id='word_1_196' title='bbox 2978 1783 3114 1837; x_wconf 89' lang='lat' dir='ltr'><strong>coni.</strong></span> 
     </span>
     <span class='ocr_line' id='line_1_20' title="bbox 778 1849 3115 1921; baseline 0 -18"><span class='ocrx_word' id='word_1_197' title='bbox 778 1851 1049 1918; x_wconf 72' lang='lat' dir='ltr'><strong>turyidus.</strong></span> <span class='ocrx_word' id='word_1_198' title='bbox 1095 1881 1162 1891; x_wconf 91' lang='lat'><em>-</em></span> <span class='ocrx_word' id='word_1_199' title='bbox 1224 1849 1344 1911; x_wconf 84' lang='lat'><strong>138.</strong></span> <span class='ocrx_word' id='word_1_200' title='bbox 1382 1853 1636 1904; x_wconf 77' lang='lat' dir='ltr'><strong>Bactra</strong></span> <span class='ocrx_word' id='word_1_201' title='bbox 1677 1869 1773 1921; x_wconf 89' lang='lat' dir='ltr'><strong>pro</strong></span> <span class='ocrx_word' id='word_1_202' title='bbox 1813 1853 1956 1905; x_wconf 89' lang='lat' dir='ltr'><strong>omni</strong></span> <span class='ocrx_word' id='word_1_203' title='bbox 1991 1851 2207 1916; x_wconf 69' lang='lat' dir='ltr'><strong>regione</strong></span> <span class='ocrx_word' id='word_1_204' title='bbox 2243 1851 2532 1905; x_wconf 86' lang='lat' dir='ltr'><strong>Bactriana</strong></span> <span class='ocrx_word' id='word_1_205' title='bbox 2569 1867 2612 1903; x_wconf 94' lang='lat' dir='ltr'><strong>s.</strong></span> <span class='ocrx_word' id='word_1_206' title='bbox 2651 1849 2900 1912; x_wconf 85' lang='lat' dir='ltr'><strong>Bactria,</strong></span> <span class='ocrx_word' id='word_1_207' title='bbox 2963 1851 3115 1904; x_wconf 87' lang='lat' dir='ltr'><strong>cuius</strong></span> 
     </span>
     <span class='ocr_line' id='line_1_21' title="bbox 776 1916 3116 1998; baseline -0.001 -25"><span class='ocrx_word' id='word_1_208' title='bbox 776 1921 940 1988; x_wconf 90' lang='lat' dir='ltr'><strong>caput</strong></span> <span class='ocrx_word' id='word_1_209' title='bbox 974 1920 1128 1972; x_wconf 89' lang='lat' dir='ltr'><strong>erant</strong></span> <span class='ocrx_word' id='word_1_210' title='bbox 1161 1917 1388 1980; x_wconf 86' lang='lat' dir='ltr'><strong>Baetra,</strong></span> <span class='ocrx_word' id='word_1_211' title='bbox 1430 1919 1593 1972; x_wconf 89' lang='lat' dir='ltr'><strong>etiam</strong></span> <span class='ocrx_word' id='word_1_212' title='bbox 1629 1918 1876 1998; x_wconf 69' lang='lat' dir='ltr'><strong>Zariaspe</strong></span> <span class='ocrx_word' id='word_1_213' title='bbox 1912 1938 1955 1973; x_wconf 79' lang='lat' dir='ltr'><strong>s,</strong></span> <span class='ocrx_word' id='word_1_214' title='bbox 1992 1919 2252 1988; x_wconf 83' lang='lat' dir='ltr'><strong>Charispa</strong></span> <span class='ocrx_word' id='word_1_215' title='bbox 2286 1918 2577 1989; x_wconf 85' lang='lat' dir='ltr'><strong>appellata.</strong></span> <span class='ocrx_word' id='word_1_216' title='bbox 2617 1917 2698 1972; x_wconf 85' lang='lat' dir='ltr'><strong>Cf.</strong></span> <span class='ocrx_word' id='word_1_217' title='bbox 2738 1917 2802 1971; x_wconf 84' lang='lat' dir='ltr'><strong>de</strong></span> <span class='ocrx_word' id='word_1_218' title='bbox 2840 1916 2941 1971; x_wconf 84' lang='lat' dir='ltr'><strong>hac</strong></span> <span class='ocrx_word' id='word_1_219' title='bbox 2967 1920 3116 1971; x_wconf 87' lang='lat' dir='ltr'><strong>terra</strong></span> 
     </span>
     <span class='ocr_line' id='line_1_22' title="bbox 777 1984 3115 2056; baseline -0 -17"><span class='ocrx_word' id='word_1_220' title='bbox 777 1987 919 2040; x_wconf 88' lang='lat' dir='ltr'><strong>inter</strong></span> <span class='ocrx_word' id='word_1_221' title='bbox 952 1984 1291 2054; x_wconf 85' lang='lat' dir='ltr'><strong>Sogdianam,</strong></span> <span class='ocrx_word' id='word_1_222' title='bbox 1329 1986 1684 2052; x_wconf 72' lang='lat' dir='ltr'><strong>Margianam,</strong></span> <span class='ocrx_word' id='word_1_223' title='bbox 1723 1987 1908 2040; x_wconf 86' lang='lat' dir='ltr'><strong>Anam</strong></span> <span class='ocrx_word' id='word_1_224' title='bbox 1948 1989 2003 2041; x_wconf 89' lang='lat' dir='ltr'><strong>et</strong></span> <span class='ocrx_word' id='word_1_225' title='bbox 2040 1986 2446 2056; x_wconf 87' lang='lat' dir='ltr'><strong>Paropamisum</strong></span> <span class='ocrx_word' id='word_1_226' title='bbox 2485 1991 2722 2040; x_wconf 87' lang='lat' dir='ltr'><strong>montem</strong></span> <span class='ocrx_word' id='word_1_227' title='bbox 2766 1985 2873 2038; x_wconf 86' lang='lat' dir='ltr'><strong>sita</strong></span> <span class='ocrx_word' id='word_1_228' title='bbox 2918 1987 2975 2039; x_wconf 88' lang='lat' dir='ltr'><strong>et</strong></span> <span class='ocrx_word' id='word_1_229' title='bbox 3016 1985 3115 2038; x_wconf 86' lang='lat' dir='ltr'><strong>im·</strong></span> 
     </span>
     <span class='ocr_line' id='line_1_23' title="bbox 812 2051 3116 2124; baseline 0 -18"><span class='ocrx_word' id='word_1_230' title='bbox 812 2053 962 2106; x_wconf 90' lang='lat' dir='ltr'><strong>rimis</strong></span> <span class='ocrx_word' id='word_1_231' title='bbox 1004 2056 1222 2123; x_wconf 86' lang='lat' dir='ltr'><strong>propter</strong></span> <span class='ocrx_word' id='word_1_232' title='bbox 1255 2069 1418 2123; x_wconf 88' lang='lat' dir='ltr'><strong>equos</strong></span> <span class='ocrx_word' id='word_1_233' title='bbox 1474 2071 1598 2108; x_wconf 89' lang='lat' dir='ltr'><strong>suos</strong></span> <span class='ocrx_word' id='word_1_234' title='bbox 1659 2054 1947 2114; x_wconf 84' lang='lat' dir='ltr'><strong>celebrata.</strong></span> <span class='ocrx_word' id='word_1_235' title='bbox 2004 2070 2163 2124; x_wconf 87' lang='lat' dir='ltr'><strong>quam</strong></span> <span class='ocrx_word' id='word_1_236' title='bbox 2208 2055 2352 2110; x_wconf 81' lang='lat' dir='ltr'><strong>Oxus</strong></span> <span class='ocrx_word' id='word_1_237' title='bbox 2415 2054 2503 2110; x_wconf 79' lang='lat' dir='ltr'><strong>(de</strong></span> <span class='ocrx_word' id='word_1_238' title='bbox 2559 2070 2662 2123; x_wconf 90' lang='lat' dir='ltr'><strong>quo</strong></span> <span class='ocrx_word' id='word_1_239' title='bbox 2698 2052 2767 2106; x_wconf 87' lang='lat' dir='ltr'><strong>ad</strong></span> <span class='ocrx_word' id='word_1_240' title='bbox 2801 2051 2911 2106; x_wconf 88' lang='lat' dir='ltr'><strong>Ecl.</strong></span> <span class='ocrx_word' id='word_1_241' title='bbox 2950 2051 2995 2110; x_wconf 90' lang='lat' dir='ltr'><strong>I.</strong></span> <span class='ocrx_word' id='word_1_242' title='bbox 3033 2056 3116 2107; x_wconf 82' lang='lat'><strong>65.</strong></span> 
     </span>
     <span class='ocr_line' id='line_1_24' title="bbox 775 2071 3111 2243; baseline -0.001 -68"><span class='ocrx_word' id='word_1_243' title='bbox 775 2071 1003 2188; x_wconf 56' lang='lat' dir='ltr'><strong>dictum)</strong></span> <span class='ocrx_word' id='word_1_244' title='bbox 1039 2122 1365 2191; x_wconf 85' lang='lat' dir='ltr'><strong>perfluebat,</strong></span> <span class='ocrx_word' id='word_1_245' title='bbox 1406 2121 1588 2176; x_wconf 85' lang='lat' dir='ltr'><strong>Strab.</strong></span> <span class='ocrx_word' id='word_1_246' title='bbox 1624 2122 1696 2176; x_wconf 84' lang='lat'><strong>11.</strong></span> <span class='ocrx_word' id='word_1_247' title='bbox 1732 2140 1782 2201; x_wconf 86' lang='lat' dir='ltr'><strong>p.</strong></span> <span class='ocrx_word' id='word_1_248' title='bbox 1826 2127 1888 2176; x_wconf 76' lang='lat'><strong>74</strong></span> <span class='ocrx_word' id='word_1_249' title='bbox 1926 2139 2044 2243; x_wconf 66' lang='lat' dir='ltr'><strong>sqq.</strong></span> <span class='ocrx_word' id='word_1_250' title='bbox 2081 2127 2137 2175; x_wconf 87' lang='lat' dir='ltr'><strong>ct</strong></span> <span class='ocrx_word' id='word_1_251' title='bbox 2176 2138 2267 2175; x_wconf 87' lang='lat' dir='ltr'><strong>sae</strong></span> <span class='ocrx_word' id='word_1_252' title='bbox 2305 2122 2415 2184; x_wconf 77' lang='lat' dir='ltr'><strong>iuS,</strong></span> <span class='ocrx_word' id='word_1_253' title='bbox 2454 2122 2666 2175; x_wconf 83' lang='lat' dir='ltr'><strong>Arrian.</strong></span> <span class='ocrx_word' id='word_1_254' title='bbox 2713 2121 2812 2180; x_wconf 86' lang='lat'><strong>111,</strong></span> <span class='ocrx_word' id='word_1_255' title='bbox 2851 2124 2932 2174; x_wconf 89' lang='grc'><strong>29.</strong></span> <span class='ocrx_word' id='word_1_256' title='bbox 2968 2118 3111 2199; x_wconf 53' lang='grc' dir='ltr'><strong>ῙῙΒΒ.</strong></span> 
     </span>
     <span class='ocr_line' id='line_1_25' title="bbox 776 2186 3114 2253; baseline -0.001 -11"><span class='ocrx_word' id='word_1_257' title='bbox 776 2189 868 2250; x_wconf 84' lang='lat' dir='ltr'><strong>VI.</strong></span> <span class='ocrx_word' id='word_1_258' title='bbox 910 2192 990 2251; x_wconf 82' lang='grc'><strong>16,</strong></span> <span class='ocrx_word' id='word_1_259' title='bbox 1032 2192 1109 2244; x_wconf 89' lang='grc'><strong>18.</strong></span> <span class='ocrx_word' id='word_1_260' title='bbox 1141 2189 1276 2248; x_wconf 81' lang='lat' dir='ltr'><strong>XII.</strong></span> <span class='ocrx_word' id='word_1_261' title='bbox 1315 2195 1363 2252; x_wconf 87' lang='grc'><strong>9,</strong></span> <span class='ocrx_word' id='word_1_262' title='bbox 1410 2193 1488 2244; x_wconf 90' lang='grc'><strong>19.</strong></span> <span class='ocrx_word' id='word_1_263' title='bbox 1526 2195 1582 2243; x_wconf 90' lang='lat' dir='ltr'><strong>et</strong></span> <span class='ocrx_word' id='word_1_264' title='bbox 1617 2189 1773 2248; x_wconf 79' lang='lat' dir='ltr'><strong>alibi.</strong></span> <span class='ocrx_word' id='word_1_265' title='bbox 1819 2189 1963 2244; x_wconf 84' lang='lat' dir='ltr'><strong>Mela</strong></span> <span class='ocrx_word' id='word_1_266' title='bbox 2036 2230 2049 2244; x_wconf 89' lang='lat'><strong>.</strong></span> <span class='ocrx_word' id='word_1_267' title='bbox 2089 2194 2145 2244; x_wconf 89' lang='grc'><strong>2.</strong></span> <span class='ocrx_word' id='word_1_268' title='bbox 2183 2195 2231 2242; x_wconf 83' lang='grc'><strong>5.</strong></span> <span class='ocrx_word' id='word_1_269' title='bbox 2378 2191 2420 2241; x_wconf 93' lang='lat' dir='ltr'><strong>t.</strong></span> <span class='ocrx_word' id='word_1_270' title='bbox 2458 2188 2552 2253; x_wconf 85' lang='lat' dir='ltr'><strong>VI,</strong></span> <span class='ocrx_word' id='word_1_271' title='bbox 2595 2195 2644 2243; x_wconf 79' lang='grc'><strong>6.</strong></span> <span class='ocrx_word' id='word_1_272' title='bbox 2683 2188 2804 2250; x_wconf 84' lang='lat' dir='ltr'><strong>VII,</strong></span> <span class='ocrx_word' id='word_1_273' title='bbox 2842 2193 2892 2242; x_wconf 76' lang='lat'><strong>4.</strong></span> <span class='ocrx_word' id='word_1_274' title='bbox 2928 2186 3021 2241; x_wconf 86' lang='lat' dir='ltr'><strong>alu</strong></span> <span class='ocrx_word' id='word_1_275' title='bbox 3058 2191 3114 2241; x_wconf 89' lang='lat' dir='ltr'><strong>et</strong></span> 
     </span>
     <span class='ocr_line' id='line_1_26' title="bbox 774 2255 3114 2326; baseline 0 -17"><span class='ocrx_word' id='word_1_276' title='bbox 774 2256 913 2310; x_wconf 83' lang='lat' dir='ltr'><strong>liber</strong></span> <span class='ocrx_word' id='word_1_277' title='bbox 956 2273 1109 2311; x_wconf 88' lang='lat' dir='ltr'><strong>meus</strong></span> <span class='ocrx_word' id='word_1_278' title='bbox 1191 2273 1332 2323; x_wconf 70' lang='lat' dir='ltr'><strong>eegr.</strong></span> <span class='ocrx_word' id='word_1_279' title='bbox 1376 2257 1448 2311; x_wconf 89' lang='lat'><strong>11.</strong></span> <span class='ocrx_word' id='word_1_280' title='bbox 1496 2274 1546 2326; x_wconf 87' lang='lat' dir='ltr'><strong>p.</strong></span> <span class='ocrx_word' id='word_1_281' title='bbox 1586 2262 1682 2311; x_wconf 75' lang='lat'><strong>554</strong></span> <span class='ocrx_word' id='word_1_282' title='bbox 1719 2274 1838 2326; x_wconf 89' lang='lat' dir='ltr'><strong>sqq.</strong></span> <span class='ocrx_word' id='word_1_283' title='bbox 1895 2289 1961 2297; x_wconf 90' lang='lat'><strong>—</strong></span> <span class='ocrx_word' id='word_1_284' title='bbox 2009 2256 2129 2317; x_wconf 78' lang='lat'><strong>139.</strong></span> <span class='ocrx_word' id='word_1_285' title='bbox 2175 2256 2540 2321; x_wconf 75' lang='grc' dir='ltr'>Ρηποήαἲα,</span> <span class='ocrx_word' id='word_1_286' title='bbox 2588 2256 2835 2309; x_wconf 88' lang='lat' dir='ltr'><strong>fabulosa</strong></span> <span class='ocrx_word' id='word_1_287' title='bbox 2869 2255 3114 2309; x_wconf 86' lang='lat' dir='ltr'><strong>Euemeri</strong></span> 
     </span>
     <span class='ocr_line' id='line_1_27' title="bbox 774 2274 3114 2403; baseline -0.001 -25"><span class='ocrx_word' id='word_1_288' title='bbox 774 2324 976 2386; x_wconf 86' lang='lat' dir='ltr'><strong>insula,</strong></span> <span class='ocrx_word' id='word_1_289' title='bbox 1040 2274 1267 2379; x_wconf 62' lang='lat' dir='ltr'><strong>Amfiiae</strong></span> <span class='ocrx_word' id='word_1_290' title='bbox 1303 2324 1369 2378; x_wconf 87' lang='lat' dir='ltr'><strong>ab</strong></span> <span class='ocrx_word' id='word_1_291' title='bbox 1407 2325 1612 2379; x_wconf 88' lang='lat' dir='ltr'><strong>oriente</strong></span> <span class='ocrx_word' id='word_1_292' title='bbox 1648 2325 1886 2384; x_wconf 83' lang='lat' dir='ltr'><strong>obiecta.</strong></span> <span class='ocrx_word' id='word_1_293' title='bbox 1947 2326 2110 2384; x_wconf 83' lang='lat' dir='ltr'><strong>turis,</strong></span> <span class='ocrx_word' id='word_1_294' title='bbox 2160 2325 2411 2393; x_wconf 64' lang='lat' dir='ltr'><strong>myrrhae</strong></span> <span class='ocrx_word' id='word_1_295' title='bbox 2446 2323 2777 2402; x_wconf 78' lang='lat' dir='ltr'><strong>aliorumque</strong></span> <span class='ocrx_word' id='word_1_296' title='bbox 2813 2327 3114 2403; x_wconf 73' lang='lat' dir='ltr'><strong>aromatum</strong></span> 
     </span>
     <span class='ocr_line' id='line_1_28' title="bbox 777 2391 3114 2461; baseline -0.001 -16"><span class='ocrx_word' id='word_1_297' title='bbox 777 2392 1156 2446; x_wconf 84' lang='lat' dir='ltr'><strong>odoriferorum</strong></span> <span class='ocrx_word' id='word_1_298' title='bbox 1194 2392 1369 2452; x_wconf 80' lang='lat' dir='ltr'><strong>ferax,</strong></span> <span class='ocrx_word' id='word_1_299' title='bbox 1429 2393 1522 2458; x_wconf 89' lang='lat' dir='ltr'><strong>(cf.</strong></span> <span class='ocrx_word' id='word_1_300' title='bbox 1558 2393 1699 2447; x_wconf 83' lang='lat' dir='ltr'><strong>infra</strong></span> <span class='ocrx_word' id='word_1_301' title='bbox 1736 2393 1831 2456; x_wconf 85' lang='lat' dir='ltr'><strong>IV,</strong></span> <span class='ocrx_word' id='word_1_302' title='bbox 1873 2396 2013 2447; x_wconf 48' lang='lat'><strong>379³</strong></span> <span class='ocrx_word' id='word_1_303' title='bbox 2095 2409 2193 2447; x_wconf 89' lang='lat' dir='ltr'><strong>uae</strong></span> <span class='ocrx_word' id='word_1_304' title='bbox 2229 2393 2314 2446; x_wconf 85' lang='lat' dir='ltr'><strong>hic</strong></span> <span class='ocrx_word' id='word_1_305' title='bbox 2353 2410 2448 2461; x_wconf 84' lang='lat' dir='ltr'><strong>pro</strong></span> <span class='ocrx_word' id='word_1_306' title='bbox 2488 2391 2689 2445; x_wconf 75' lang='lat' dir='ltr'><strong>Arabia</strong></span> <span class='ocrx_word' id='word_1_307' title='bbox 2722 2407 2841 2460; x_wconf 75' lang='lat' dir='ltr'><strong>ipsa</strong></span> <span class='ocrx_word' id='word_1_308' title='bbox 2914 2407 3000 2444; x_wconf 88' lang='lat' dir='ltr'><strong>om</strong></span> <span class='ocrx_word' id='word_1_309' title='bbox 3037 2408 3114 2443; x_wconf 77' lang='lat' dir='ltr'><strong>v]-</strong></span> 
     </span>
     <span class='ocr_line' id='line_1_29' title="bbox 777 2409 3113 2539; baseline -0 -27"><span class='ocrx_word' id='word_1_310' title='bbox 777 2458 949 2539; x_wconf 66' lang='lat' dir='ltr'><strong>detur.</strong></span> <span class='ocrx_word' id='word_1_311' title='bbox 1022 2460 1105 2516; x_wconf 83' lang='lat' dir='ltr'><strong>Cf.</strong></span> <span class='ocrx_word' id='word_1_312' title='bbox 1142 2461 1207 2515; x_wconf 84' lang='lat' dir='ltr'><strong>de</strong></span> <span class='ocrx_word' id='word_1_313' title='bbox 1244 2477 1307 2516; x_wconf 79' lang='lat' dir='ltr'><strong>ea</strong></span> <span class='ocrx_word' id='word_1_314' title='bbox 1341 2460 1521 2515; x_wconf 85' lang='lat' dir='ltr'><strong>Strab.</strong></span> <span class='ocrx_word' id='word_1_315' title='bbox 1558 2460 1681 2516; x_wconf 72' lang='lat' dir='ltr'><strong>VII.</strong></span> <span class='ocrx_word' id='word_1_316' title='bbox 1720 2478 1772 2530; x_wconf 85' lang='lat' dir='ltr'><strong>p.</strong></span> <span class='ocrx_word' id='word_1_317' title='bbox 1810 2464 1926 2515; x_wconf 84' lang='grc'><strong>299.</strong></span> <span class='ocrx_word' id='word_1_318' title='bbox 1967 2411 2115 2516; x_wconf 49' lang='lat' dir='ltr'><strong>Diod.</strong></span> <span class='ocrx_word' id='word_1_319' title='bbox 2156 2461 2258 2516; x_wconf 88' lang='lat' dir='ltr'><strong>Sic.</strong></span> <span class='ocrx_word' id='word_1_320' title='bbox 2295 2461 2367 2521; x_wconf 85' lang='lat' dir='ltr'><strong>V.</strong></span> <span class='ocrx_word' id='word_1_321' title='bbox 2423 2464 2506 2513; x_wconf 78' lang='lat'><strong>41.</strong></span> <span class='ocrx_word' id='word_1_322' title='bbox 2546 2458 2732 2539; x_wconf 59' lang='lat' dir='ltr'><strong>Polyb.</strong></span> <span class='ocrx_word' id='word_1_323' title='bbox 2774 2409 3025 2521; x_wconf 54' lang='lat' dir='ltr'><strong>BRN,</strong></span> <span class='ocrx_word' id='word_1_324' title='bbox 3066 2464 3113 2512; x_wconf 78' lang='lat'><strong>5.</strong></span> 
     </span>
     <span class='ocr_line' id='line_1_30' title="bbox 776 2526 3113 2595; baseline -0 -14"><span class='ocrx_word' id='word_1_325' title='bbox 776 2528 919 2581; x_wconf 90' lang='lat' dir='ltr'><strong>Phn.</strong></span> <span class='ocrx_word' id='word_1_326' title='bbox 956 2528 1023 2593; x_wconf 85' lang='lat' dir='ltr'><strong>X,</strong></span> <span class='ocrx_word' id='word_1_327' title='bbox 1067 2531 1114 2591; x_wconf 90' lang='grc'><strong>2,</strong></span> <span class='ocrx_word' id='word_1_328' title='bbox 1151 2531 1202 2584; x_wconf 90' lang='grc'><strong>2.</strong></span> <span class='ocrx_word' id='word_1_329' title='bbox 1241 2528 1532 2583; x_wconf 84' lang='lat' dir='ltr'><strong>Tzschuck.</strong></span> <span class='ocrx_word' id='word_1_330' title='bbox 1570 2530 1637 2583; x_wconf 87' lang='lat' dir='ltr'><strong>ad</strong></span> <span class='ocrx_word' id='word_1_331' title='bbox 1674 2529 1847 2584; x_wconf 84' lang='lat' dir='ltr'><strong>Melae</strong></span> <span class='ocrx_word' id='word_1_332' title='bbox 1883 2529 1992 2587; x_wconf 85' lang='grc' dir='ltr'>ΙΙΙ,</span> <span class='ocrx_word' id='word_1_333' title='bbox 2032 2536 2078 2585; x_wconf 80' lang='grc'><strong>8.</strong></span> <span class='ocrx_word' id='word_1_334' title='bbox 2120 2534 2167 2583; x_wconf 78' lang='grc'><strong>8.</strong></span> <span class='ocrx_word' id='word_1_335' title='bbox 2209 2529 2412 2595; x_wconf 59' lang='lat' dir='ltr'><strong>Gieriss.</strong></span> <span class='ocrx_word' id='word_1_336' title='bbox 2452 2529 2519 2582; x_wconf 84' lang='lat' dir='ltr'><strong>ad</strong></span> <span class='ocrx_word' id='word_1_337' title='bbox 2551 2527 2705 2582; x_wconf 74' lang='lat' dir='ltr'><strong>Ovid.</strong></span> <span class='ocrx_word' id='word_1_338' title='bbox 2740 2527 2871 2580; x_wconf 84' lang='lat' dir='ltr'><strong>Met.</strong></span> <span class='ocrx_word' id='word_1_339' title='bbox 2908 2526 2976 2589; x_wconf 88' lang='lat' dir='ltr'><strong>X,</strong></span> <span class='ocrx_word' id='word_1_340' title='bbox 3015 2532 3113 2581; x_wconf 78' lang='lat'><strong>307</strong></span> 
     </span>
     <span class='ocr_line' id='line_1_31' title="bbox 777 2594 3113 2666; baseline -0.001 -16"><span class='ocrx_word' id='word_1_341' title='bbox 777 2613 894 2665; x_wconf 88' lang='lat' dir='ltr'><strong>sqq.</strong></span> <span class='ocrx_word' id='word_1_342' title='bbox 931 2595 1143 2650; x_wconf 83' lang='lat' dir='ltr'><strong>Dissen.</strong></span> <span class='ocrx_word' id='word_1_343' title='bbox 1180 2595 1249 2651; x_wconf 86' lang='lat' dir='ltr'><strong>ad</strong></span> <span class='ocrx_word' id='word_1_344' title='bbox 1272 2596 1471 2650; x_wconf 88' lang='lat' dir='ltr'><strong>Tibull.</strong></span> <span class='ocrx_word' id='word_1_345' title='bbox 1509 2597 1612 2653; x_wconf 93' lang='lat' dir='ltr'><strong>III.</strong></span> <span class='ocrx_word' id='word_1_346' title='bbox 1653 2602 1701 2658; x_wconf 90' lang='grc'><strong>2,</strong></span> <span class='ocrx_word' id='word_1_347' title='bbox 1740 2601 1824 2650; x_wconf 87' lang='grc'><strong>23.</strong></span> <span class='ocrx_word' id='word_1_348' title='bbox 1860 2602 1917 2651; x_wconf 87' lang='lat' dir='ltr'><strong>et</strong></span> <span class='ocrx_word' id='word_1_349' title='bbox 1950 2613 2086 2665; x_wconf 89' lang='lat' dir='ltr'><strong>quae</strong></span> <span class='ocrx_word' id='word_1_350' title='bbox 2124 2597 2237 2666; x_wconf 86' lang='lat' dir='ltr'><strong>ipse</strong></span> <span class='ocrx_word' id='word_1_351' title='bbox 2292 2597 2510 2666; x_wconf 85' lang='lat' dir='ltr'><strong>exposui</strong></span> <span class='ocrx_word' id='word_1_352' title='bbox 2568 2596 2622 2649; x_wconf 91' lang='lat' dir='ltr'><strong>in</strong></span> <span class='ocrx_word' id='word_1_353' title='bbox 2665 2594 2839 2663; x_wconf 70' lang='lat' dir='ltr'><strong>Pauly</strong></span> <span class='ocrx_word' id='word_1_354' title='bbox 2879 2594 3113 2648; x_wconf 66' lang='lat' dir='ltr'><strong>Reatevz-</strong></span> 
     </span>
     <span class='ocr_line' id='line_1_32' title="bbox 774 2661 3113 2734; baseline 0 -18"><span class='ocrx_word' id='word_1_355' title='bbox 774 2663 986 2734; x_wconf 70' lang='lat' dir='ltr'><strong>cyclop.</strong></span> <span class='ocrx_word' id='word_1_356' title='bbox 1024 2664 1089 2716; x_wconf 88' lang='lat' dir='ltr'><strong>V.</strong></span> <span class='ocrx_word' id='word_1_357' title='bbox 1166 2704 1178 2715; x_wconf 92' lang='lat'><strong>.</strong></span> <span class='ocrx_word' id='word_1_358' title='bbox 1219 2668 1365 2717; x_wconf 84' lang='lat'><strong>1111.</strong></span> <span class='ocrx_word' id='word_1_359' title='bbox 1402 2696 1467 2704; x_wconf 88' lang='lat'>-</span> <span class='ocrx_word' id='word_1_360' title='bbox 1511 2703 1543 2725; x_wconf 90' lang='lat'><strong>„</strong></span> <span class='ocrx_word' id='word_1_361' title='bbox 1607 2664 1856 2732; x_wconf 70' lang='lat' dir='ltr'><strong>inquis,</strong></span> <span class='ocrx_word' id='word_1_362' title='bbox 1919 2667 2017 2717; x_wconf 90' lang='lat' dir='ltr'><strong>aut</strong></span> <span class='ocrx_word' id='word_1_363' title='bbox 2062 2670 2281 2733; x_wconf 85' lang='lat' dir='ltr'><strong>propter</strong></span> <span class='ocrx_word' id='word_1_364' title='bbox 2317 2668 2407 2717; x_wconf 86' lang='lat' dir='ltr'><strong>tus</strong></span> <span class='ocrx_word' id='word_1_365' title='bbox 2479 2665 2664 2727; x_wconf 65' lang='lat' dir='ltr'><strong>ing-ue.</strong></span> <span class='ocrx_word' id='word_1_366' title='bbox 2728 2661 2870 2731; x_wconf 89' lang='lat' dir='ltr'><strong>quod</strong></span> <span class='ocrx_word' id='word_1_367' title='bbox 2905 2662 3113 2717; x_wconf 87' lang='lat' dir='ltr'><strong>resinae</strong></span> 
     </span>
     <span class='ocr_line' id='line_1_33' title="bbox 774 2729 3112 2798; baseline -0 -14"><span class='ocrx_word' id='word_1_368' title='bbox 774 2734 1025 2785; x_wconf 85' lang='lat' dir='ltr'><strong>naturam</strong></span> <span class='ocrx_word' id='word_1_369' title='bbox 1062 2730 1135 2785; x_wconf 86' lang='lat' dir='ltr'><strong>ha</strong></span> <span class='ocrx_word' id='word_1_370' title='bbox 1239 2773 1251 2794; x_wconf 92' lang='lat'><strong>,</strong></span> <span class='ocrx_word' id='word_1_371' title='bbox 1302 2735 1399 2785; x_wconf 86' lang='lat' dir='ltr'><strong>aut</strong></span> <span class='ocrx_word' id='word_1_372' title='bbox 1433 2731 1485 2786; x_wconf 86' lang='lat' dir='ltr'><strong>fe</strong></span> <span class='ocrx_word' id='word_1_373' title='bbox 1583 2733 1629 2784; x_wconf 91' lang='lat' dir='ltr'><strong>is</strong></span> <span class='ocrx_word' id='word_1_374' title='bbox 1674 2732 1999 2796; x_wconf 77' lang='lat' dir='ltr'><strong>turiferis</strong></span> <span class='ocrx_word' id='word_1_375' title='bbox 2058 2733 2312 2798; x_wconf 76' lang='lat' dir='ltr'><strong>arenis,</strong></span> <span class='ocrx_word' id='word_1_376' title='bbox 2376 2749 2489 2784; x_wconf 91' lang='lat' dir='ltr'><strong>soo</strong></span> <span class='ocrx_word' id='word_1_377' title='bbox 2523 2747 2769 2793; x_wconf 82' lang='lat' dir='ltr'><strong>arenoso,</strong></span> <span class='ocrx_word' id='word_1_378' title='bbox 2816 2729 2902 2783; x_wconf 92' lang='lat' dir='ltr'><strong>cui</strong></span> <span class='ocrx_word' id='word_1_379' title='bbox 2936 2729 3112 2784; x_wconf 83' lang='lat' dir='ltr'><strong>frutex</strong></span> 
     </span>
     <span class='ocr_line' id='line_1_34' title="bbox 770 2797 3114 2878; baseline -0 -25"><span class='ocrx_word' id='word_1_380' title='bbox 770 2798 909 2853; x_wconf 87' lang='lat' dir='ltr'><strong>turis</strong></span> <span class='ocrx_word' id='word_1_381' title='bbox 942 2799 1255 2862; x_wconf 80' lang='lat' dir='ltr'><strong>innascitur,</strong></span> <span class='ocrx_word' id='word_1_382' title='bbox 1298 2799 1349 2853; x_wconf 85' lang='lat' dir='ltr'><strong>h.</strong></span> <span class='ocrx_word' id='word_1_383' title='bbox 1386 2816 1431 2853; x_wconf 93' lang='lat' dir='ltr'><strong>e.</strong></span> <span class='ocrx_word' id='word_1_384' title='bbox 1468 2817 1564 2869; x_wconf 89' lang='lat' dir='ltr'><strong>pro</strong></span> <span class='ocrx_word' id='word_1_385' title='bbox 1601 2801 1738 2861; x_wconf 83' lang='lat' dir='ltr'><strong>ture,</strong></span> <span class='ocrx_word' id='word_1_386' title='bbox 1778 2798 1844 2853; x_wconf 85' lang='lat' dir='ltr'><strong>de</strong></span> <span class='ocrx_word' id='word_1_387' title='bbox 1880 2815 1985 2878; x_wconf 87' lang='lat' dir='ltr'><strong>quo</strong></span> <span class='ocrx_word' id='word_1_388' title='bbox 2019 2799 2126 2853; x_wconf 81' lang='lat' dir='ltr'><strong>vid.</strong></span> <span class='ocrx_word' id='word_1_389' title='bbox 2161 2799 2302 2854; x_wconf 90' lang='lat' dir='ltr'><strong>Plin.</strong></span> <span class='ocrx_word' id='word_1_390' title='bbox 2327 2798 2451 2865; x_wconf 82' lang='lat' dir='ltr'><strong>XII,</strong></span> <span class='ocrx_word' id='word_1_391' title='bbox 2490 2802 2568 2861; x_wconf 81' lang='lat'><strong>14,</strong></span> <span class='ocrx_word' id='word_1_392' title='bbox 2605 2803 2669 2852; x_wconf 83' lang='lat'><strong>30</strong></span> <span class='ocrx_word' id='word_1_393' title='bbox 2703 2815 2818 2868; x_wconf 84' lang='lat' dir='ltr'><strong>sqq.</strong></span> <span class='ocrx_word' id='word_1_394' title='bbox 2863 2797 2929 2851; x_wconf 91' lang='lat' dir='ltr'><strong>In</strong></span> <span class='ocrx_word' id='word_1_395' title='bbox 2954 2815 3114 2867; x_wconf 89' lang='lat' dir='ltr'><strong>prosa</strong></span> 
     </span>
     <span class='ocr_line' id='line_1_35' title="bbox 769 2865 3110 2937; baseline -0.002 -16"><span class='ocrx_word' id='word_1_396' title='bbox 769 2865 997 2921; x_wconf 86' lang='lat' dir='ltr'><strong>diceres:</strong></span> <span class='ocrx_word' id='word_1_397' title='bbox 1043 2866 1247 2921; x_wconf 86' lang='lat' dir='ltr'><strong>habens</strong></span> <span class='ocrx_word' id='word_1_398' title='bbox 1288 2866 1490 2929; x_wconf 86' lang='lat' dir='ltr'><strong>solum,</strong></span> <span class='ocrx_word' id='word_1_399' title='bbox 1529 2867 1669 2937; x_wconf 90' lang='lat' dir='ltr'><strong>quod</strong></span> <span class='ocrx_word' id='word_1_400' title='bbox 1706 2868 1814 2921; x_wconf 87' lang='lat' dir='ltr'><strong>fert</strong></span> <span class='ocrx_word' id='word_1_401' title='bbox 1849 2883 2049 2935; x_wconf 69' lang='lat' dir='ltr'><strong>pingue</strong></span> <span class='ocrx_word' id='word_1_402' title='bbox 2083 2872 2234 2920; x_wconf 77' lang='lat' dir='ltr'><strong>tuS.‘·</strong></span> <span class='ocrx_word' id='word_1_403' title='bbox 2289 2867 2463 2934; x_wconf 74' lang='grc' dir='ltr'><strong>Ηεῃη.</strong></span> <span class='ocrx_word' id='word_1_404' title='bbox 2526 2866 2757 2931; x_wconf 69' lang='grc' dir='ltr'><strong>Ρίπῃιιίε</strong></span> <span class='ocrx_word' id='word_1_405' title='bbox 2788 2865 2872 2919; x_wconf 91' lang='lat' dir='ltr'><strong>uti</strong></span> <span class='ocrx_word' id='word_1_406' title='bbox 2911 2882 2976 2919; x_wconf 93' lang='lat' dir='ltr'><strong>ue</strong></span> <span class='ocrx_word' id='word_1_407' title='bbox 3052 2884 3110 2918; x_wconf 91' lang='lat' dir='ltr'><strong>ro</strong></span> 
     </span>
     <span class='ocr_line' id='line_1_36' title="bbox 770 2882 3110 3004; baseline -0 -17"><span class='ocrx_word' id='word_1_408' title='bbox 770 2934 968 2989; x_wconf 84' lang='lat' dir='ltr'><strong>fertilis</strong></span> <span class='ocrx_word' id='word_1_409' title='bbox 1006 2935 1241 3004; x_wconf 83' lang='lat' dir='ltr'><strong>positum</strong></span> <span class='ocrx_word' id='word_1_410' title='bbox 1276 2935 1367 3001; x_wconf 86' lang='lat' dir='ltr'><strong>(cf.</strong></span> <span class='ocrx_word' id='word_1_411' title='bbox 1405 2934 1612 2989; x_wconf 85' lang='lat' dir='ltr'><strong>adnott.</strong></span> <span class='ocrx_word' id='word_1_412' title='bbox 1650 2935 1717 2989; x_wconf 88' lang='lat' dir='ltr'><strong>ad</strong></span> <span class='ocrx_word' id='word_1_413' title='bbox 1755 2936 1881 2989; x_wconf 90' lang='lat' dir='ltr'><strong>Geo.</strong></span> <span class='ocrx_word' id='word_1_414' title='bbox 1918 2935 1962 2997; x_wconf 86' lang='grc' dir='ltr'>Ι,</span> <span class='ocrx_word' id='word_1_415' title='bbox 2007 2938 2168 2991; x_wconf 57' lang='grc' dir='ltr'><strong>192ὴι</strong></span> <span class='ocrx_word' id='word_1_416' title='bbox 2208 2950 2303 3004; x_wconf 88' lang='lat' dir='ltr'><strong>per</strong></span> <span class='ocrx_word' id='word_1_417' title='bbox 2337 2950 2537 2987; x_wconf 57' lang='lat' dir='ltr'><strong>‘aranas</strong></span> <span class='ocrx_word' id='word_1_418' title='bbox 2572 2936 2756 2987; x_wconf 87' lang='lat' dir='ltr'><strong>autem</strong></span> <span class='ocrx_word' id='word_1_419' title='bbox 2783 2882 3016 3001; x_wconf 57' lang='lat' dir='ltr'><strong>inteffijgi</strong></span> <span class='ocrx_word' id='word_1_420' title='bbox 3045 2950 3110 2986; x_wconf 90' lang='lat' dir='ltr'><strong>ur</strong></span> 
     </span>
     <span class='ocr_line' id='line_1_37' title="bbox 772 3000 3108 3072; baseline -0.001 -16"><span class='ocrx_word' id='word_1_421' title='bbox 772 3002 971 3056; x_wconf 88' lang='lat' dir='ltr'><strong>humus</strong></span> <span class='ocrx_word' id='word_1_422' title='bbox 1005 3002 1184 3056; x_wconf 88' lang='lat' dir='ltr'><strong>soluta</strong></span> <span class='ocrx_word' id='word_1_423' title='bbox 1219 3005 1275 3056; x_wconf 89' lang='lat' dir='ltr'><strong>et</strong></span> <span class='ocrx_word' id='word_1_424' title='bbox 1307 3018 1556 3063; x_wconf 86' lang='lat' dir='ltr'><strong>arenosa,</strong></span> <span class='ocrx_word' id='word_1_425' title='bbox 1594 3003 1810 3072; x_wconf 84' lang='lat' dir='ltr'><strong>qualem</strong></span> <span class='ocrx_word' id='word_1_426' title='bbox 1845 3003 1985 3057; x_wconf 87' lang='lat' dir='ltr'><strong>turis</strong></span> <span class='ocrx_word' id='word_1_427' title='bbox 2021 3003 2179 3056; x_wconf 88' lang='lat' dir='ltr'><strong>arbor</strong></span> <span class='ocrx_word' id='word_1_428' title='bbox 2213 3004 2400 3071; x_wconf 84' lang='lat' dir='ltr'><strong>poscit.</strong></span> <span class='ocrx_word' id='word_1_429' title='bbox 2440 3002 2593 3054; x_wconf 70' lang='lat' dir='ltr'><strong>Voss</strong></span> <span class='ocrx_word' id='word_1_430' title='bbox 2628 3016 2732 3053; x_wconf 90' lang='lat' dir='ltr'><strong>non</strong></span> <span class='ocrx_word' id='word_1_431' title='bbox 2769 3000 2856 3054; x_wconf 85' lang='lat' dir='ltr'><strong>ine</strong></span> <span class='ocrx_word' id='word_1_432' title='bbox 2894 3003 2950 3054; x_wconf 84' lang='lat' dir='ltr'><strong>te</strong></span> <span class='ocrx_word' id='word_1_433' title='bbox 2987 3017 3108 3054; x_wconf 89' lang='lat' dir='ltr'><strong>con-</strong></span> 
     </span>
    </p>
   </div>
   <div class='ocr_carea' id='block_1_4' title="bbox 770 3066 3113 3285">
    <p class='ocr_par' dir='ltr' id='par_1_8' title="bbox 770 3066 3113 3285">
     <span class='ocr_line' id='line_1_38' title="bbox 770 3066 3110 3141; baseline 0 -18"><span class='ocrx_word' id='word_1_434' title='bbox 770 3070 881 3123; x_wconf 84' lang='lat' dir='ltr'><strong>fert</strong></span> <span class='ocrx_word' id='word_1_435' title='bbox 914 3069 1122 3124; x_wconf 86' lang='lat' dir='ltr'><strong>Colum.</strong></span> <span class='ocrx_word' id='word_1_436' title='bbox 1159 3069 1239 3131; x_wconf 85' lang='lat'><strong>11.</strong></span> <span class='ocrx_word' id='word_1_437' title='bbox 1276 3074 1333 3133; x_wconf 84' lang='lat'><strong>2,</strong></span> <span class='ocrx_word' id='word_1_438' title='bbox 1373 3073 1483 3131; x_wconf 78' lang='lat'><strong>25..</strong></span> <span class='ocrx_word' id='word_1_439' title='bbox 1522 3071 1615 3125; x_wconf 89' lang='lat' dir='ltr'><strong>ubi</strong></span> <span class='ocrx_word' id='word_1_440' title='bbox 1641 3072 1877 3141; x_wconf 67' lang='lat' dir='ltr'><strong>pinques</strong></span> <span class='ocrx_word' id='word_1_441' title='bbox 1910 3088 2111 3123; x_wconf 68' lang='lat' dir='ltr'><strong>arenae</strong></span> <span class='ocrx_word' id='word_1_442' title='bbox 2146 3072 2645 3123; x_wconf 80' lang='lat' dir='ltr'><strong>commemorantur.</strong></span> <span class='ocrx_word' id='word_1_443' title='bbox 2684 3099 2748 3107; x_wconf 73' lang='lat'><strong>-</strong></span> <span class='ocrx_word' id='word_1_444' title='bbox 2787 3066 2809 3126; x_wconf 87' lang='lat'>1</span> <span class='ocrx_word' id='word_1_445' title='bbox 2908 3100 2973 3107; x_wconf 89' lang='lat'><strong>--</strong></span> <span class='ocrx_word' id='word_1_446' title='bbox 2987 3066 3110 3128; x_wconf 83' lang='grc'><strong>143.</strong></span> 
     </span>
     <span class='ocr_line' id='line_1_39' title="bbox 770 3135 3112 3204; baseline -0.002 -13"><span class='ocrx_word' id='word_1_447' title='bbox 770 3138 1051 3191; x_wconf 81' lang='lat' dir='ltr'><strong>Sententia</strong></span> <span class='ocrx_word' id='word_1_448' title='bbox 1085 3136 1217 3191; x_wconf 86' lang='lat' dir='ltr'><strong>haec</strong></span> <span class='ocrx_word' id='word_1_449' title='bbox 1253 3141 1362 3191; x_wconf 84' lang='lat' dir='ltr'><strong>est:</strong></span> <span class='ocrx_word' id='word_1_450' title='bbox 1401 3138 1566 3192; x_wconf 79' lang='lat' dir='ltr'><strong>Italia</strong></span> <span class='ocrx_word' id='word_1_451' title='bbox 1599 3156 1701 3192; x_wconf 89' lang='lat' dir='ltr'><strong>non</strong></span> <span class='ocrx_word' id='word_1_452' title='bbox 1733 3139 1913 3191; x_wconf 89' lang='lat' dir='ltr'><strong>minus</strong></span> <span class='ocrx_word' id='word_1_453' title='bbox 1952 3137 2148 3191; x_wconf 85' lang='lat' dir='ltr'><strong>fertilis</strong></span> <span class='ocrx_word' id='word_1_454' title='bbox 2184 3141 2238 3190; x_wconf 86' lang='lat' dir='ltr'><strong>et</strong></span> <span class='ocrx_word' id='word_1_455' title='bbox 2267 3137 2416 3190; x_wconf 80' lang='lat' dir='ltr'><strong>dives</strong></span> <span class='ocrx_word' id='word_1_456' title='bbox 2452 3142 2553 3193; x_wconf 85' lang='lat' dir='ltr'><strong>est.</strong></span> <span class='ocrx_word' id='word_1_457' title='bbox 2592 3151 2753 3204; x_wconf 84' lang='lat' dir='ltr'><strong>quam</strong></span> <span class='ocrx_word' id='word_1_458' title='bbox 2788 3135 3017 3197; x_wconf 86' lang='lat' dir='ltr'><strong>Colchis,</strong></span> <span class='ocrx_word' id='word_1_459' title='bbox 3056 3140 3112 3188; x_wconf 86' lang='lat' dir='ltr'><strong>et</strong></span> 
     </span>
     <span class='ocr_line' id='line_1_40' title="bbox 770 3202 3113 3285; baseline -0.001 -26"><span class='ocrx_word' id='word_1_460' title='bbox 770 3209 919 3259; x_wconf 83' lang='lat' dir='ltr'><strong>caret</strong></span> <span class='ocrx_word' id='word_1_461' title='bbox 952 3209 1134 3259; x_wconf 85' lang='lat' dir='ltr'><strong>tamen</strong></span> <span class='ocrx_word' id='word_1_462' title='bbox 1172 3206 1427 3259; x_wconf 85' lang='lat' dir='ltr'><strong>monstris</strong></span> <span class='ocrx_word' id='word_1_463' title='bbox 1463 3205 1598 3263; x_wconf 77' lang='lat' dir='ltr'><strong>illis.</strong></span> <span class='ocrx_word' id='word_1_464' title='bbox 1663 3222 1798 3285; x_wconf 82' lang='lat' dir='ltr'><strong>quae</strong></span> <span class='ocrx_word' id='word_1_465' title='bbox 1838 3205 1990 3259; x_wconf 85' lang='lat' dir='ltr'><strong>illam</strong></span> <span class='ocrx_word' id='word_1_466' title='bbox 2039 3210 2238 3259; x_wconf 87' lang='lat' dir='ltr'><strong>terram</strong></span> <span class='ocrx_word' id='word_1_467' title='bbox 2275 3205 2626 3258; x_wconf 85' lang='lat' dir='ltr'><strong>infamarunt.</strong></span> <span class='ocrx_word' id='word_1_468' title='bbox 2691 3234 2754 3241; x_wconf 83' lang='lat'><strong>—-</strong></span> <span class='ocrx_word' id='word_1_469' title='bbox 2812 3202 3113 3256; x_wconf 81' lang='lat' dir='ltr'><strong>Notissima</strong></span> 
     </span>
    </p>
   </div>
   <div class='ocr_carea' id='block_1_5' title="bbox 769 3269 3113 4628">
    <p class='ocr_par' dir='ltr' id='par_1_9' title="bbox 769 3269 3113 4628">
     <span class='ocr_line' id='line_1_41' title="bbox 771 3269 3108 3338; baseline -0.001 -12"><span class='ocrx_word' id='word_1_470' title='bbox 771 3275 855 3326; x_wconf 86' lang='lat' dir='ltr'><strong>est</strong></span> <span class='ocrx_word' id='word_1_471' title='bbox 888 3272 1077 3326; x_wconf 79' lang='lat' dir='ltr'><strong>fabula</strong></span> <span class='ocrx_word' id='word_1_472' title='bbox 1111 3272 1176 3327; x_wconf 89' lang='lat' dir='ltr'><strong>de</strong></span> <span class='ocrx_word' id='word_1_473' title='bbox 1212 3273 1464 3327; x_wconf 85' lang='lat' dir='ltr'><strong>dentibus</strong></span> <span class='ocrx_word' id='word_1_474' title='bbox 1501 3273 1746 3327; x_wconf 86' lang='lat' dir='ltr'><strong>dracoms</strong></span> <span class='ocrx_word' id='word_1_475' title='bbox 1789 3275 1861 3327; x_wconf 89' lang='lat' dir='ltr'><strong>ab</strong></span> <span class='ocrx_word' id='word_1_476' title='bbox 1895 3272 2084 3326; x_wconf 85' lang='lat' dir='ltr'><strong>Iasone</strong></span> <span class='ocrx_word' id='word_1_477' title='bbox 2121 3271 2189 3326; x_wconf 87' lang='lat' dir='ltr'><strong>ad</strong></span> <span class='ocrx_word' id='word_1_478' title='bbox 2227 3272 2399 3326; x_wconf 76' lang='lat' dir='ltr'><strong>vellus</strong></span> <span class='ocrx_word' id='word_1_479' title='bbox 2436 3287 2656 3326; x_wconf 83' lang='lat' dir='ltr'><strong>aureum</strong></span> <span class='ocrx_word' id='word_1_480' title='bbox 2697 3269 3108 3338; x_wconf 68' lang='lat' dir='ltr'><strong>expugnandum</strong></span> 
     </span>
     <span class='ocr_line' id='line_1_42' title="bbox 769 3337 3109 3410; baseline -0.002 -16"><span class='ocrx_word' id='word_1_481' title='bbox 769 3339 994 3394; x_wconf 83' lang='lat' dir='ltr'><strong>Colchos</strong></span> <span class='ocrx_word' id='word_1_482' title='bbox 1029 3340 1265 3410; x_wconf 86' lang='lat' dir='ltr'><strong>profecto</strong></span> <span class='ocrx_word' id='word_1_483' title='bbox 1301 3341 1435 3394; x_wconf 87' lang='lat' dir='ltr'><strong>satis</strong></span> <span class='ocrx_word' id='word_1_484' title='bbox 1471 3343 1525 3395; x_wconf 90' lang='lat' dir='ltr'><strong>et</strong></span> <span class='ocrx_word' id='word_1_485' title='bbox 1566 3341 1631 3395; x_wconf 87' lang='lat' dir='ltr'><strong>de</strong></span> <span class='ocrx_word' id='word_1_486' title='bbox 1669 3341 1798 3394; x_wconf 76' lang='lat' dir='ltr'><strong>viris</strong></span> <span class='ocrx_word' id='word_1_487' title='bbox 1837 3340 2061 3395; x_wconf 88' lang='lat' dir='ltr'><strong>armatis</strong></span> <span class='ocrx_word' id='word_1_488' title='bbox 2099 3339 2220 3393; x_wconf 89' lang='lat' dir='ltr'><strong>inde</strong></span> <span class='ocrx_word' id='word_1_489' title='bbox 2260 3341 2453 3393; x_wconf 80' lang='lat' dir='ltr'><strong>enatis,</strong></span> <span class='ocrx_word' id='word_1_490' title='bbox 2503 3337 2625 3391; x_wconf 73' lang='lat' dir='ltr'><strong>vid.</strong></span> <span class='ocrx_word' id='word_1_491' title='bbox 2663 3337 2908 3406; x_wconf 76' lang='lat' dir='ltr'><strong>Apollon.</strong></span> <span class='ocrx_word' id='word_1_492' title='bbox 2937 3337 3109 3391; x_wconf 84' lang='lat' dir='ltr'><strong>Rhod.</strong></span> 
     </span>
     <span class='ocr_line' id='line_1_43' title="bbox 769 3405 3107 3476; baseline -0.002 -14"><span class='ocrx_word' id='word_1_493' title='bbox 769 3407 871 3468; x_wconf 89' lang='grc' dir='ltr'>ΙΠ,</span> <span class='ocrx_word' id='word_1_494' title='bbox 908 3411 1007 3461; x_wconf 77' lang='lat'><strong>4⁰9</strong></span> <span class='ocrx_word' id='word_1_495' title='bbox 1044 3425 1069 3462; x_wconf 92' lang='lat' dir='ltr'><strong>s</strong></span> <span class='ocrx_word' id='word_1_496' title='bbox 1150 3451 1161 3463; x_wconf 92' lang='lat'><strong>.</strong></span> <span class='ocrx_word' id='word_1_497' title='bbox 1196 3409 1240 3462; x_wconf 83' lang='lat' dir='ltr'>A</span> <span class='ocrx_word' id='word_1_498' title='bbox 1281 3407 1443 3462; x_wconf 89' lang='lat' dir='ltr'><strong>ollod.</strong></span> <span class='ocrx_word' id='word_1_499' title='bbox 1481 3408 1524 3469; x_wconf 89' lang='lat'><strong>1,</strong></span> <span class='ocrx_word' id='word_1_500' title='bbox 1565 3415 1614 3467; x_wconf 88' lang='grc'><strong>9.</strong></span> <span class='ocrx_word' id='word_1_501' title='bbox 1652 3412 1735 3464; x_wconf 86' lang='grc'><strong>23.</strong></span> <span class='ocrx_word' id='word_1_502' title='bbox 1767 3408 1968 3476; x_wconf 64' lang='lat' dir='ltr'><strong>Hygin.</strong></span> <span class='ocrx_word' id='word_1_503' title='bbox 2005 3410 2042 3461; x_wconf 84' lang='lat' dir='ltr'><strong>f.</strong></span> <span class='ocrx_word' id='word_1_504' title='bbox 2082 3410 2162 3462; x_wconf 91' lang='grc'><strong>21.</strong></span> <span class='ocrx_word' id='word_1_505' title='bbox 2200 3412 2256 3460; x_wconf 89' lang='lat' dir='ltr'><strong>et</strong></span> <span class='ocrx_word' id='word_1_506' title='bbox 2293 3410 2373 3461; x_wconf 74' lang='lat'><strong>25.</strong></span> <span class='ocrx_word' id='word_1_507' title='bbox 2411 3406 2564 3461; x_wconf 85' lang='lat' dir='ltr'><strong>Ovid.</strong></span> <span class='ocrx_word' id='word_1_508' title='bbox 2599 3405 2723 3459; x_wconf 85' lang='lat' dir='ltr'><strong>Her.</strong></span> <span class='ocrx_word' id='word_1_509' title='bbox 2762 3405 2857 3467; x_wconf 77' lang='lat' dir='ltr'><strong>Vl.</strong></span> <span class='ocrx_word' id='word_1_510' title='bbox 2898 3408 2962 3457; x_wconf 88' lang='grc'><strong>32</strong></span> <span class='ocrx_word' id='word_1_511' title='bbox 2990 3423 3107 3474; x_wconf 88' lang='lat' dir='ltr'><strong>sqq.</strong></span> 
     </span>
     <span class='ocr_line' id='line_1_44' title="bbox 769 3425 3110 3552; baseline -0.002 -24"><span class='ocrx_word' id='word_1_512' title='bbox 769 3475 843 3529; x_wconf 91' lang='lat' dir='ltr'><strong>id.</strong></span> <span class='ocrx_word' id='word_1_513' title='bbox 881 3475 1014 3529; x_wconf 76' lang='lat' dir='ltr'><strong>Met.</strong></span> <span class='ocrx_word' id='word_1_514' title='bbox 1155 3519 1165 3529; x_wconf 92' lang='lat'><strong>.</strong></span> <span class='ocrx_word' id='word_1_515' title='bbox 1205 3425 1279 3529; x_wconf 51' lang='lat' dir='ltr'><strong>ab)</strong></span> <span class='ocrx_word' id='word_1_516' title='bbox 1306 3475 1446 3538; x_wconf 79' lang='lat' dir='ltr'><strong>init..</strong></span> <span class='ocrx_word' id='word_1_517' title='bbox 1486 3476 1749 3545; x_wconf 88' lang='lat' dir='ltr'><strong>imprimis</strong></span> <span class='ocrx_word' id='word_1_518' title='bbox 1778 3493 1828 3528; x_wconf 83' lang='lat' dir='ltr'><strong>v.</strong></span> <span class='ocrx_word' id='word_1_519' title='bbox 1864 3479 1957 3528; x_wconf 72' lang='lat'><strong>1⁰0</strong></span> <span class='ocrx_word' id='word_1_520' title='bbox 1984 3493 2097 3544; x_wconf 85' lang='lat' dir='ltr'><strong>sqq.</strong></span> <span class='ocrx_word' id='word_1_521' title='bbox 2136 3507 2202 3516; x_wconf 89' lang='lat'><strong>—·</strong></span> <span class='ocrx_word' id='word_1_522' title='bbox 2241 3475 2430 3527; x_wconf 72' lang='lat' dir='ltr'><strong>tauri</strong></span> <span class='ocrx_word' id='word_1_523' title='bbox 2462 3476 2802 3552; x_wconf 60' lang='lat' dir='ltr'><strong>spirantes</strong></span> <span class='ocrx_word' id='word_1_524' title='bbox 2835 3473 3110 3525; x_wconf 76' lang='lat' dir='ltr'><strong>naribus</strong></span> 
     </span>
     <span class='ocr_line' id='line_1_45' title="bbox 771 3539 3112 3613; baseline -0.002 -17"><span class='ocrx_word' id='word_1_525' title='bbox 771 3544 1003 3611; x_wconf 68' lang='grc' dir='ltr'>ἰςπσηι,</span> <span class='ocrx_word' id='word_1_526' title='bbox 1047 3544 1230 3598; x_wconf 81' lang='lat' dir='ltr'><strong>Aeetis</strong></span> <span class='ocrx_word' id='word_1_527' title='bbox 1265 3543 1387 3612; x_wconf 88' lang='lat' dir='ltr'><strong>equi</strong></span> <span class='ocrx_word' id='word_1_528' title='bbox 1428 3543 1700 3612; x_wconf 84' lang='lat' dir='ltr'><strong>aeripedes</strong></span> <span class='ocrx_word' id='word_1_529' title='bbox 1737 3545 1918 3613; x_wconf 82' lang='lat' dir='ltr'><strong>ignem</strong></span> <span class='ocrx_word' id='word_1_530' title='bbox 1956 3560 2023 3598; x_wconf 91' lang='lat' dir='ltr'><strong>ue</strong></span> <span class='ocrx_word' id='word_1_531' title='bbox 2067 3548 2366 3597; x_wconf 74' lang='lat' dir='ltr'><strong>vomentes,</strong></span> <span class='ocrx_word' id='word_1_532' title='bbox 2414 3558 2545 3611; x_wconf 88' lang='lat' dir='ltr'><strong>quos</strong></span> <span class='ocrx_word' id='word_1_533' title='bbox 2579 3540 2751 3594; x_wconf 88' lang='lat' dir='ltr'><strong>vellus</strong></span> <span class='ocrx_word' id='word_1_534' title='bbox 2790 3539 2924 3595; x_wconf 74' lang='lat' dir='ltr'><strong>illud</strong></span> <span class='ocrx_word' id='word_1_535' title='bbox 2962 3539 3112 3593; x_wconf 88' lang='lat' dir='ltr'><strong>abla-</strong></span> 
     </span>
     <span class='ocr_line' id='line_1_46' title="bbox 772 3607 3107 3680; baseline -0.002 -16"><span class='ocrx_word' id='word_1_536' title='bbox 772 3614 928 3665; x_wconf 89' lang='lat' dir='ltr'><strong>turus</strong></span> <span class='ocrx_word' id='word_1_537' title='bbox 963 3614 1144 3665; x_wconf 84' lang='lat' dir='ltr'><strong>aratro</strong></span> <span class='ocrx_word' id='word_1_538' title='bbox 1178 3611 1423 3675; x_wconf 64' lang='lat' dir='ltr'><strong>iungeret</strong></span> <span class='ocrx_word' id='word_1_539' title='bbox 1452 3628 1668 3665; x_wconf 83' lang='lat' dir='ltr'><strong>necesse</strong></span> <span class='ocrx_word' id='word_1_540' title='bbox 1708 3615 1842 3665; x_wconf 84' lang='lat' dir='ltr'><strong>erat.</strong></span> <span class='ocrx_word' id='word_1_541' title='bbox 1939 3611 1995 3664; x_wconf 65' lang='lat' dir='ltr'><strong>Jf.</strong></span> <span class='ocrx_word' id='word_1_542' title='bbox 2034 3610 2281 3680; x_wconf 76' lang='lat' dir='ltr'><strong>Aponon.</strong></span> <span class='ocrx_word' id='word_1_543' title='bbox 2319 3610 2358 3663; x_wconf 91' lang='lat' dir='ltr'><strong>l.</strong></span> <span class='ocrx_word' id='word_1_544' title='bbox 2395 3609 2433 3663; x_wconf 90' lang='lat'><strong>1.</strong></span> <span class='ocrx_word' id='word_1_545' title='bbox 2470 3626 2521 3663; x_wconf 83' lang='lat' dir='ltr'><strong>v.</strong></span> <span class='ocrx_word' id='word_1_546' title='bbox 2555 3612 2671 3662; x_wconf 80' lang='grc'><strong>496.</strong></span> <span class='ocrx_word' id='word_1_547' title='bbox 2709 3608 2865 3662; x_wconf 77' lang='lat' dir='ltr'><strong>ovid.</strong></span> <span class='ocrx_word' id='word_1_548' title='bbox 2905 3607 2942 3660; x_wconf 92' lang='lat' dir='ltr'><strong>l.</strong></span> <span class='ocrx_word' id='word_1_549' title='bbox 2984 3607 3023 3660; x_wconf 91' lang='lat' dir='ltr'><strong>l.</strong></span> <span class='ocrx_word' id='word_1_550' title='bbox 3060 3622 3107 3659; x_wconf 79' lang='lat' dir='ltr'><strong>v.</strong></span> 
     </span>
     <span class='ocr_line' id='line_1_47' title="bbox 772 3676 3108 3757; baseline -0.002 -25"><span class='ocrx_word' id='word_1_551' title='bbox 772 3683 855 3732; x_wconf 84' lang='lat'><strong>29.</strong></span> <span class='ocrx_word' id='word_1_552' title='bbox 894 3680 1177 3757; x_wconf 81' lang='lat' dir='ltr'><strong>et104sq.</strong></span> <span class='ocrx_word' id='word_1_553' title='bbox 1218 3678 1387 3732; x_wconf 85' lang='lat' dir='ltr'><strong>eiusd.</strong></span> <span class='ocrx_word' id='word_1_554' title='bbox 1423 3679 1550 3732; x_wconf 88' lang='lat' dir='ltr'><strong>Her.</strong></span> <span class='ocrx_word' id='word_1_555' title='bbox 1587 3679 1682 3741; x_wconf 84' lang='lat' dir='ltr'><strong>VI.</strong></span> <span class='ocrx_word' id='word_1_556' title='bbox 1727 3683 1808 3733; x_wconf 84' lang='grc'><strong>32.</strong></span> <span class='ocrx_word' id='word_1_557' title='bbox 1843 3679 1968 3739; x_wconf 88' lang='lat' dir='ltr'><strong>XII,</strong></span> <span class='ocrx_word' id='word_1_558' title='bbox 2006 3682 2086 3732; x_wconf 83' lang='grc'><strong>93.</strong></span> <span class='ocrx_word' id='word_1_559' title='bbox 2134 3678 2252 3731; x_wconf 73' lang='lat' dir='ltr'><strong>Val.</strong></span> <span class='ocrx_word' id='word_1_560' title='bbox 2289 3677 2370 3731; x_wconf 83' lang='lat' dir='ltr'><strong>Fl.</strong></span> <span class='ocrx_word' id='word_1_561' title='bbox 2408 3676 2529 3732; x_wconf 82' lang='lat' dir='ltr'><strong>vu.</strong></span> <span class='ocrx_word' id='word_1_562' title='bbox 2569 3681 2666 3729; x_wconf 74' lang='lat'><strong>545</strong></span> <span class='ocrx_word' id='word_1_563' title='bbox 2703 3694 2820 3745; x_wconf 83' lang='lat' dir='ltr'><strong>sqq.</strong></span> <span class='ocrx_word' id='word_1_564' title='bbox 2859 3676 3108 3729; x_wconf 86' lang='lat' dir='ltr'><strong>Ceterum</strong></span> 
     </span>
     <span class='ocr_line' id='line_1_48' title="bbox 770 3743 3113 3813; baseline -0.003 -12"><span class='ocrx_word' id='word_1_565' title='bbox 770 3746 920 3801; x_wconf 75' lang='lat' dir='ltr'><strong>Maro</strong></span> <span class='ocrx_word' id='word_1_566' title='bbox 953 3745 1041 3801; x_wconf 80' lang='lat' dir='ltr'><strong>hic</strong></span> <span class='ocrx_word' id='word_1_567' title='bbox 1074 3746 1318 3800; x_wconf 77' lang='lat' dir='ltr'><strong>imltatus</strong></span> <span class='ocrx_word' id='word_1_568' title='bbox 1356 3750 1442 3800; x_wconf 79' lang='lat' dir='ltr'><strong>est</strong></span> <span class='ocrx_word' id='word_1_569' title='bbox 1474 3746 1685 3801; x_wconf 83' lang='lat' dir='ltr'><strong>Lucret.</strong></span> <span class='ocrx_word' id='word_1_570' title='bbox 1728 3747 1800 3810; x_wconf 83' lang='lat' dir='ltr'><strong>V,</strong></span> <span class='ocrx_word' id='word_1_571' title='bbox 1853 3750 1934 3799; x_wconf 85' lang='grc'><strong>29.</strong></span> <span class='ocrx_word' id='word_1_572' title='bbox 1976 3754 2026 3798; x_wconf 73' lang='lat' dir='ltr'><strong>et</strong></span> <span class='ocrx_word' id='word_1_573' title='bbox 2063 3746 2356 3799; x_wconf 67' lang='lat' dir='ltr'><strong>Diomedis</strong></span> <span class='ocrx_word' id='word_1_574' title='bbox 2398 3745 2527 3813; x_wconf 75' lang='lat' dir='ltr'><strong>eque·</strong></span> <span class='ocrx_word' id='word_1_575' title='bbox 2643 3746 2846 3798; x_wconf 64' lang='lat' dir='ltr'><strong>drances</strong></span> <span class='ocrx_word' id='word_1_576' title='bbox 2883 3743 3113 3795; x_wconf 70' lang='lat' dir='ltr'><strong>naribvw</strong></span> 
     </span>
     <span class='ocr_line' id='line_1_49' title="bbox 772 3763 3106 3883; baseline -0.002 -16"><span class='ocrx_word' id='word_1_577' title='bbox 772 3816 961 3882; x_wconf 60' lang='lat' dir='ltr'><strong>ignem.</strong></span> <span class='ocrx_word' id='word_1_578' title='bbox 1032 3814 1249 3883; x_wconf 84' lang='lat' dir='ltr'><strong>Repetit</strong></span> <span class='ocrx_word' id='word_1_579' title='bbox 1283 3814 1426 3868; x_wconf 88' lang='lat' dir='ltr'><strong>hunc</strong></span> <span class='ocrx_word' id='word_1_580' title='bbox 1463 3829 1675 3868; x_wconf 82' lang='lat' dir='ltr'><strong>versum</strong></span> <span class='ocrx_word' id='word_1_581' title='bbox 1710 3814 1852 3868; x_wconf 89' lang='lat' dir='ltr'><strong>idem</strong></span> <span class='ocrx_word' id='word_1_582' title='bbox 1887 3813 1981 3867; x_wconf 85' lang='lat' dir='ltr'><strong>ille</strong></span> <span class='ocrx_word' id='word_1_583' title='bbox 2016 3818 2176 3882; x_wconf 74' lang='lat' dir='ltr'><strong>poeta</strong></span> <span class='ocrx_word' id='word_1_584' title='bbox 2210 3816 2347 3879; x_wconf 73' lang='lat' dir='ltr'><strong>trag.</strong></span> <span class='ocrx_word' id='word_1_585' title='bbox 2393 3812 2446 3864; x_wconf 87' lang='lat' dir='ltr'><strong>in</strong></span> <span class='ocrx_word' id='word_1_586' title='bbox 2485 3763 2649 3865; x_wconf 45' lang='lat' dir='ltr'><strong>Anii}</strong></span> <span class='ocrx_word' id='word_1_587' title='bbox 2691 3811 2804 3865; x_wconf 84' lang='lat' dir='ltr'><strong>Lat.</strong></span> <span class='ocrx_word' id='word_1_588' title='bbox 2844 3810 3024 3865; x_wconf 89' lang='lat' dir='ltr'><strong>Burm.</strong></span> <span class='ocrx_word' id='word_1_589' title='bbox 3065 3811 3106 3871; x_wconf 87' lang='grc' dir='ltr'>Ι,</span> 
     </span>
     <span class='ocr_line' id='line_1_50' title="bbox 776 3881 3109 3951; baseline -0.002 -15"><span class='ocrx_word' id='word_1_590' title='bbox 776 3884 894 3941; x_wconf 82' lang='grc'>178,</span> <span class='ocrx_word' id='word_1_591' title='bbox 941 3884 1055 3934; x_wconf 77' lang='grc'><strong>255.</strong></span> <span class='ocrx_word' id='word_1_592' title='bbox 1094 3885 1154 3935; x_wconf 92' lang='lat' dir='ltr'><strong>ut</strong></span> <span class='ocrx_word' id='word_1_593' title='bbox 1186 3897 1233 3935; x_wconf 82' lang='lat' dir='ltr'><strong>v.</strong></span> <span class='ocrx_word' id='word_1_594' title='bbox 1280 3885 1393 3936; x_wconf 85' lang='grc'><strong>226.</strong></span> <span class='ocrx_word' id='word_1_595' title='bbox 1446 3898 1591 3951; x_wconf 86' lang='lat' dir='ltr'><strong>sequ.</strong></span> <span class='ocrx_word' id='word_1_596' title='bbox 1630 3883 1794 3937; x_wconf 84' lang='lat' dir='ltr'><strong>verba</strong></span> <span class='ocrx_word' id='word_1_597' title='bbox 1835 3882 2071 3934; x_wconf 58' lang='lat' dir='ltr'><strong>innuant·</strong></span> <span class='ocrx_word' id='word_1_598' title='bbox 2113 3881 2361 3933; x_wconf 68' lang='lat' dir='ltr'><strong>dentilnm</strong></span> <span class='ocrx_word' id='word_1_599' title='bbox 2396 3881 2566 3946; x_wconf 70' lang='lat' dir='ltr'><strong>hydri</strong></span> <span class='ocrx_word' id='word_1_600' title='bbox 2597 3884 2651 3932; x_wconf 87' lang='lat' dir='ltr'><strong>et</strong></span> <span class='ocrx_word' id='word_1_601' title='bbox 2690 3895 2736 3933; x_wconf 82' lang='lat' dir='ltr'><strong>v,</strong></span> <span class='ocrx_word' id='word_1_602' title='bbox 2780 3882 2893 3932; x_wconf 78' lang='grc'><strong>256.</strong></span> <span class='ocrx_word' id='word_1_603' title='bbox 2934 3881 3109 3932; x_wconf 84' lang='lat' dir='ltr'><strong>totum</strong></span> 
     </span>
     <span class='ocr_line' id='line_1_51' title="bbox 769 3946 3107 4009; baseline -0.001 -7"><span class='ocrx_word' id='word_1_604' title='bbox 769 3965 983 4004; x_wconf 87' lang='lat' dir='ltr'><strong>versum</strong></span> <span class='ocrx_word' id='word_1_605' title='bbox 1027 3952 1133 4003; x_wconf 78' lang='grc'><strong>142.</strong></span> <span class='ocrx_word' id='word_1_606' title='bbox 1175 3981 1239 3989; x_wconf 91' lang='grc'>-</span> <span class='ocrx_word' id='word_1_607' title='bbox 1279 3948 1399 4008; x_wconf 84' lang='lat'><strong>141.</strong></span> <span class='ocrx_word' id='word_1_608' title='bbox 1437 3950 1609 4003; x_wconf 72' lang='lat' dir='ltr'><strong>satis</strong></span> <span class='ocrx_word' id='word_1_609' title='bbox 1643 3950 1953 4003; x_wconf 67' lang='lat' dir='ltr'><strong>:lentibus</strong></span> <span class='ocrx_word' id='word_1_610' title='bbox 1989 3964 2093 4001; x_wconf 89' lang='lat' dir='ltr'><strong>non</strong></span> <span class='ocrx_word' id='word_1_611' title='bbox 2136 3952 2333 4009; x_wconf 84' lang='lat' dir='ltr'><strong>sextus,</strong></span> <span class='ocrx_word' id='word_1_612' title='bbox 2375 3948 2469 4002; x_wconf 90' lang='lat' dir='ltr'><strong>sed</strong></span> <span class='ocrx_word' id='word_1_613' title='bbox 2507 3947 2706 4001; x_wconf 85' lang='lat' dir='ltr'><strong>tertius</strong></span> <span class='ocrx_word' id='word_1_614' title='bbox 2742 3950 2826 4000; x_wconf 88' lang='lat' dir='ltr'><strong>est</strong></span> <span class='ocrx_word' id='word_1_615' title='bbox 2860 3946 3028 3999; x_wconf 86' lang='lat' dir='ltr'><strong>Casus</strong></span> <span class='ocrx_word' id='word_1_616' title='bbox 3067 3964 3107 3999; x_wconf 78' lang='lat' dir='ltr'><strong>s,</strong></span> 
     </span>
     <span class='ocr_line' id='line_1_52' title="bbox 770 4013 3110 4086; baseline -0.003 -14"><span class='ocrx_word' id='word_1_617' title='bbox 770 4017 1017 4077; x_wconf 82' lang='lat' dir='ltr'><strong>Dativus,</strong></span> <span class='ocrx_word' id='word_1_618' title='bbox 1060 4033 1212 4086; x_wconf 87' lang='lat' dir='ltr'><strong>quem</strong></span> <span class='ocrx_word' id='word_1_619' title='bbox 1249 4020 1459 4079; x_wconf 83' lang='lat' dir='ltr'><strong>vocant,</strong></span> <span class='ocrx_word' id='word_1_620' title='bbox 1499 4016 1793 4075; x_wconf 84' lang='lat' dir='ltr'><strong>commodi;</strong></span> <span class='ocrx_word' id='word_1_621' title='bbox 1845 4033 1949 4071; x_wconf 87' lang='lat' dir='ltr'><strong>non</strong></span> <span class='ocrx_word' id='word_1_622' title='bbox 1987 4016 2128 4071; x_wconf 88' lang='lat' dir='ltr'><strong>enim</strong></span> <span class='ocrx_word' id='word_1_623' title='bbox 2165 4022 2289 4086; x_wconf 83' lang='lat' dir='ltr'><strong>post</strong></span> <span class='ocrx_word' id='word_1_624' title='bbox 2326 4015 2515 4069; x_wconf 85' lang='lat' dir='ltr'><strong>dentes</strong></span> <span class='ocrx_word' id='word_1_625' title='bbox 2550 4018 2714 4069; x_wconf 78' lang='lat' dir='ltr'><strong>satos,</strong></span> <span class='ocrx_word' id='word_1_626' title='bbox 2752 4014 2845 4067; x_wconf 83' lang='lat' dir='ltr'><strong>sed</strong></span> <span class='ocrx_word' id='word_1_627' title='bbox 2883 4018 2946 4066; x_wconf 90' lang='lat' dir='ltr'><strong>ut</strong></span> <span class='ocrx_word' id='word_1_628' title='bbox 2981 4013 3110 4067; x_wconf 84' lang='lat' dir='ltr'><strong>den·</strong></span> 
     </span>
     <span class='ocr_line' id='line_1_53' title="bbox 770 4082 3109 4149; baseline -0.002 -10"><span class='ocrx_word' id='word_1_629' title='bbox 770 4089 860 4139; x_wconf 89' lang='lat' dir='ltr'><strong>tes</strong></span> <span class='ocrx_word' id='word_1_630' title='bbox 892 4084 1173 4138; x_wconf 81' lang='lat' dir='ltr'><strong>interfecto</strong></span> <span class='ocrx_word' id='word_1_631' title='bbox 1211 4083 1437 4139; x_wconf 77' lang='lat' dir='ltr'><strong>dracone</strong></span> <span class='ocrx_word' id='word_1_632' title='bbox 1474 4086 1577 4139; x_wconf 89' lang='lat' dir='ltr'><strong>seri</strong></span> <span class='ocrx_word' id='word_1_633' title='bbox 1652 4090 1850 4140; x_wconf 84' lang='lat' dir='ltr'><strong>ossent.</strong></span> <span class='ocrx_word' id='word_1_634' title='bbox 1910 4085 2052 4139; x_wconf 84' lang='lat' dir='ltr'><strong>tauri</strong></span> <span class='ocrx_word' id='word_1_635' title='bbox 2088 4089 2269 4138; x_wconf 84' lang='lat' dir='ltr'><strong>aratro</strong></span> <span class='ocrx_word' id='word_1_636' title='bbox 2307 4082 2562 4149; x_wconf 71' lang='lat' dir='ltr'><strong>iungendi</strong></span> <span class='ocrx_word' id='word_1_637' title='bbox 2601 4086 2656 4136; x_wconf 89' lang='lat' dir='ltr'><strong>et</strong></span> <span class='ocrx_word' id='word_1_638' title='bbox 2691 4082 2862 4135; x_wconf 87' lang='lat' dir='ltr'><strong>solum</strong></span> <span class='ocrx_word' id='word_1_639' title='bbox 2901 4097 3109 4134; x_wconf 83' lang='lat' dir='ltr'><strong>vomere</strong></span> 
     </span>
     <span class='ocr_line' id='line_1_54' title="bbox 770 4148 3108 4221; baseline -0.002 -15"><span class='ocrx_word' id='word_1_640' title='bbox 770 4152 1141 4206; x_wconf 81' lang='lat' dir='ltr'><strong>invertendum</strong></span> <span class='ocrx_word' id='word_1_641' title='bbox 1177 4155 1306 4205; x_wconf 83' lang='lat' dir='ltr'><strong>erat.</strong></span> <span class='ocrx_word' id='word_1_642' title='bbox 1380 4152 1553 4217; x_wconf 81' lang='lat' dir='ltr'><strong>Quare</strong></span> <span class='ocrx_word' id='word_1_643' title='bbox 1656 4170 1798 4221; x_wconf 66' lang='lat' dir='ltr'><strong>agn..</strong></span> <span class='ocrx_word' id='word_1_644' title='bbox 1837 4153 1929 4221; x_wconf 92' lang='lat' dir='ltr'><strong>qui</strong></span> <span class='ocrx_word' id='word_1_645' title='bbox 1962 4153 2133 4209; x_wconf 88' lang='lat' dir='ltr'><strong>docet.</strong></span> <span class='ocrx_word' id='word_1_646' title='bbox 2173 4153 2499 4207; x_wconf 85' lang='lat' dir='ltr'><strong>sententiam</strong></span> <span class='ocrx_word' id='word_1_647' title='bbox 2534 4150 2675 4204; x_wconf 87' lang='lat' dir='ltr'><strong>hanc</strong></span> <span class='ocrx_word' id='word_1_648' title='bbox 2709 4166 2856 4204; x_wconf 87' lang='lat' dir='ltr'><strong>esse:</strong></span> <span class='ocrx_word' id='word_1_649' title='bbox 2896 4148 3108 4205; x_wconf 76' lang='lat' dir='ltr'><strong>..inver-</strong></span> 
     </span>
     <span class='ocr_line' id='line_1_55' title="bbox 772 4218 3106 4287; baseline -0.002 -13"><span class='ocrx_word' id='word_1_650' title='bbox 772 4224 886 4274; x_wconf 87' lang='lat' dir='ltr'><strong>tere</strong></span> <span class='ocrx_word' id='word_1_651' title='bbox 919 4218 1037 4274; x_wconf 83' lang='lat' dir='ltr'><strong>loca</strong></span> <span class='ocrx_word' id='word_1_652' title='bbox 1075 4219 1325 4274; x_wconf 85' lang='lat' dir='ltr'><strong>dentibus</strong></span> <span class='ocrx_word' id='word_1_653' title='bbox 1362 4219 1517 4287; x_wconf 69' lang='lat' dir='ltr'><strong>hydri</strong></span> <span class='ocrx_word' id='word_1_654' title='bbox 1552 4249 1620 4260; x_wconf 91' lang='lat'><strong>——</strong></span> <span class='ocrx_word' id='word_1_655' title='bbox 1655 4221 1767 4275; x_wconf 87' lang='lat' dir='ltr'><strong>scil.</strong></span> <span class='ocrx_word' id='word_1_656' title='bbox 1808 4221 2046 4275; x_wconf 86' lang='lat' dir='ltr'><strong>serendis</strong></span> <span class='ocrx_word' id='word_1_657' title='bbox 2081 4253 2172 4277; x_wconf 90' lang='grc'><strong>-.</strong></span> <span class='ocrx_word' id='word_1_658' title='bbox 2256 4220 2407 4274; x_wconf 85' lang='lat' dir='ltr'><strong>uales</strong></span> <span class='ocrx_word' id='word_1_659' title='bbox 2442 4219 2512 4272; x_wconf 87' lang='lat' dir='ltr'><strong>ab</strong></span> <span class='ocrx_word' id='word_1_660' title='bbox 2548 4220 2738 4273; x_wconf 80' lang='lat' dir='ltr'><strong>Iasone</strong></span> <span class='ocrx_word' id='word_1_661' title='bbox 2774 4219 2923 4270; x_wconf 86' lang='lat' dir='ltr'><strong>satos</strong></span> <span class='ocrx_word' id='word_1_662' title='bbox 2959 4232 3106 4271; x_wconf 82' lang='lat' dir='ltr'><strong>acce-</strong></span> 
     </span>
     <span class='ocr_line' id='line_1_56' title="bbox 769 4284 3108 4357; baseline -0.001 -17"><span class='ocrx_word' id='word_1_663' title='bbox 769 4289 1005 4357; x_wconf 89' lang='lat' dir='ltr'><strong>pimus‚“</strong></span> <span class='ocrx_word' id='word_1_664' title='bbox 1042 4287 1335 4342; x_wconf 88' lang='lat' dir='ltr'><strong>rectissime</strong></span> <span class='ocrx_word' id='word_1_665' title='bbox 1373 4288 1594 4342; x_wconf 75' lang='lat' dir='ltr'><strong>Comma</strong></span> <span class='ocrx_word' id='word_1_666' title='bbox 1628 4293 1749 4357; x_wconf 83' lang='lat' dir='ltr'><strong>post</strong></span> <span class='ocrx_word' id='word_1_667' title='bbox 1785 4289 2058 4343; x_wconf 67' lang='lat' dir='ltr'><strong>Invenere</strong></span> <span class='ocrx_word' id='word_1_668' title='bbox 2093 4305 2184 4342; x_wconf 91' lang='lat' dir='ltr'><strong>sus</strong></span> <span class='ocrx_word' id='word_1_669' title='bbox 2277 4286 2567 4341; x_wconf 80' lang='lat' dir='ltr'><strong>·t.Peer1k.</strong></span> <span class='ocrx_word' id='word_1_670' title='bbox 2597 4304 2646 4355; x_wconf 89' lang='lat' dir='ltr'><strong>p.</strong></span> <span class='ocrx_word' id='word_1_671' title='bbox 2689 4290 2798 4339; x_wconf 80' lang='lat'><strong>141.</strong></span> <span class='ocrx_word' id='word_1_672' title='bbox 2839 4284 2972 4338; x_wconf 90' lang='lat' dir='ltr'><strong>coni.</strong></span> <span class='ocrx_word' id='word_1_673' title='bbox 3014 4285 3108 4337; x_wconf 80' lang='grc' dir='ltr'><strong>1η-</strong></span> 
     </span>
     <span class='ocr_line' id='line_1_57' title="bbox 771 4351 3109 4430; baseline -0.002 -21"><span class='ocrx_word' id='word_1_674' title='bbox 771 4364 990 4423; x_wconf 67' lang='lat' dir='ltr'><strong>ver-tere,</strong></span> <span class='ocrx_word' id='word_1_675' title='bbox 1025 4356 1164 4409; x_wconf 71' lang='grc' dir='ltr'><strong>εαιίε</strong></span> <span class='ocrx_word' id='word_1_676' title='bbox 1195 4356 1457 4409; x_wconf 73' lang='lat' dir='ltr'><strong>immania</strong></span> <span class='ocrx_word' id='word_1_677' title='bbox 1496 4359 1551 4410; x_wconf 76' lang='lat' dir='ltr'><strong>el.</strong></span> <span class='ocrx_word' id='word_1_678' title='bbox 1584 4354 1869 4416; x_wconf 77' lang='lat' dir='ltr'><strong>lz.—14·2.</strong></span> <span class='ocrx_word' id='word_1_679' title='bbox 1908 4373 2084 4421; x_wconf 74' lang='lat' dir='ltr'><strong>seqes</strong></span> <span class='ocrx_word' id='word_1_680' title='bbox 2122 4358 2334 4409; x_wconf 63' lang='lat' dir='ltr'><strong>riv-eim</strong></span> <span class='ocrx_word' id='word_1_681' title='bbox 2368 4354 2596 4415; x_wconf 89' lang='lat' dir='ltr'><strong>dicitur,</strong></span> <span class='ocrx_word' id='word_1_682' title='bbox 2634 4354 2759 4423; x_wconf 83' lang='lat' dir='ltr'><strong>quia</strong></span> <span class='ocrx_word' id='word_1_683' title='bbox 2794 4352 2990 4430; x_wconf 79' lang='lat' dir='ltr'><strong>armati</strong></span> <span class='ocrx_word' id='word_1_684' title='bbox 3028 4351 3109 4405; x_wconf 90' lang='lat' dir='ltr'><strong>illi</strong></span> 
     </span>
     <span class='ocr_line' id='line_1_58' title="bbox 773 4420 3104 4492; baseline -0.002 -16"><span class='ocrx_word' id='word_1_685' title='bbox 773 4422 1086 4485; x_wconf 83' lang='lat' dir='ltr'><strong>bellatores,</strong></span> <span class='ocrx_word' id='word_1_686' title='bbox 1127 4438 1245 4477; x_wconf 90' lang='lat' dir='ltr'><strong>cum</strong></span> <span class='ocrx_word' id='word_1_687' title='bbox 1285 4423 1479 4492; x_wconf 84' lang='lat' dir='ltr'><strong>quihus</strong></span> <span class='ocrx_word' id='word_1_688' title='bbox 1514 4424 1690 4478; x_wconf 82' lang='lat' dir='ltr'><strong>Iasoni</strong></span> <span class='ocrx_word' id='word_1_689' title='bbox 1726 4423 2106 4478; x_wconf 81' lang='lat' dir='ltr'><strong>decertandum</strong></span> <span class='ocrx_word' id='word_1_690' title='bbox 2155 4429 2296 4479; x_wconf 85' lang='lat' dir='ltr'><strong>erat.</strong></span> <span class='ocrx_word' id='word_1_691' title='bbox 2345 4440 2373 4477; x_wconf 89' lang='lat' dir='ltr'><strong>e</strong></span> <span class='ocrx_word' id='word_1_692' title='bbox 2411 4422 2665 4476; x_wconf 84' lang='lat' dir='ltr'><strong>dentibus</strong></span> <span class='ocrx_word' id='word_1_693' title='bbox 2702 4420 2837 4476; x_wconf 88' lang='lat' dir='ltr'><strong>satis</strong></span> <span class='ocrx_word' id='word_1_694' title='bbox 2871 4422 3002 4474; x_wconf 78' lang='lat' dir='ltr'><strong>nati.</strong></span> <span class='ocrx_word' id='word_1_695' title='bbox 3041 4452 3104 4459; x_wconf 90' lang='lat'><strong>--</strong></span> 
     </span>
     <span class='ocr_line' id='line_1_59' title="bbox 771 4488 3103 4553; baseline -0 -9"><span class='ocrx_word' id='word_1_696' title='bbox 771 4491 1045 4544; x_wconf 73' lang='lat' dir='ltr'><strong>horruit</strong></span> <span class='ocrx_word' id='word_1_697' title='bbox 1076 4491 1312 4553; x_wconf 76' lang='lat' dir='ltr'><strong>hastis,</strong></span> <span class='ocrx_word' id='word_1_698' title='bbox 1353 4492 1560 4545; x_wconf 82' lang='lat' dir='ltr'><strong>exstitit</strong></span> <span class='ocrx_word' id='word_1_699' title='bbox 1594 4508 1713 4546; x_wconf 86' lang='lat' dir='ltr'><strong>cum</strong></span> <span class='ocrx_word' id='word_1_700' title='bbox 1752 4493 1925 4546; x_wconf 82' lang='lat' dir='ltr'><strong>hastis</strong></span> <span class='ocrx_word' id='word_1_701' title='bbox 1962 4492 2317 4547; x_wconf 79' lang='lat' dir='ltr'><strong>horrentibus.</strong></span> <span class='ocrx_word' id='word_1_702' title='bbox 2393 4489 2511 4545; x_wconf 76' lang='lat' dir='ltr'><strong>vid.</strong></span> <span class='ocrx_word' id='word_1_703' title='bbox 2550 4489 2756 4544; x_wconf 84' lang='lat' dir='ltr'><strong>adnott.</strong></span> <span class='ocrx_word' id='word_1_704' title='bbox 2798 4488 2867 4544; x_wconf 85' lang='lat' dir='ltr'><strong>ad</strong></span> <span class='ocrx_word' id='word_1_705' title='bbox 2906 4490 3031 4542; x_wconf 81' lang='lat' dir='ltr'><strong>Geo.</strong></span> <span class='ocrx_word' id='word_1_706' title='bbox 3062 4488 3103 4543; x_wconf 90' lang='lat'><strong>1.</strong></span> 
     </span>
     <span class='ocr_line' id='line_1_60' title="bbox 776 4557 3107 4628; baseline -0.003 -15"><span class='ocrx_word' id='word_1_707' title='bbox 776 4563 885 4613; x_wconf 83' lang='lat'><strong>151.</strong></span> <span class='ocrx_word' id='word_1_708' title='bbox 924 4589 989 4598; x_wconf 88' lang='lat'>—</span> <span class='ocrx_word' id='word_1_709' title='bbox 1030 4557 1150 4620; x_wconf 71' lang='grc'><strong>148.</strong></span> <span class='ocrx_word' id='word_1_710' title='bbox 1187 4558 1439 4628; x_wconf 86' lang='lat' dir='ltr'><strong>Sequitur</strong></span> <span class='ocrx_word' id='word_1_711' title='bbox 1472 4559 1621 4613; x_wconf 87' lang='lat' dir='ltr'><strong>locus</strong></span> <span class='ocrx_word' id='word_1_712' title='bbox 1671 4561 1738 4615; x_wconf 89' lang='lat' dir='ltr'><strong>de</strong></span> <span class='ocrx_word' id='word_1_713' title='bbox 1772 4562 1933 4615; x_wconf 82' lang='lat' dir='ltr'><strong>variis</strong></span> <span class='ocrx_word' id='word_1_714' title='bbox 1967 4560 2159 4615; x_wconf 86' lang='lat' dir='ltr'><strong>ltaliae</strong></span> <span class='ocrx_word' id='word_1_715' title='bbox 2203 4559 2495 4619; x_wconf 83' lang='lat' dir='ltr'><strong>fructibus,</strong></span> <span class='ocrx_word' id='word_1_716' title='bbox 2555 4558 2749 4627; x_wconf 85' lang='lat' dir='ltr'><strong>quibus</strong></span> <span class='ocrx_word' id='word_1_717' title='bbox 2799 4574 2864 4611; x_wconf 84' lang='lat' dir='ltr'><strong>ea</strong></span> <span class='ocrx_word' id='word_1_718' title='bbox 2923 4572 3107 4609; x_wconf 87' lang='lat' dir='ltr'><strong>omnes</strong></span> 
     </span>
    </p>
   </div>
   <div class='ocr_carea' id='block_1_6' title="bbox 771 4623 3102 4698">
    <p class='ocr_par' dir='ltr' id='par_1_10' title="bbox 771 4623 3102 4698">
     <span class='ocr_line' id='line_1_61' title="bbox 771 4623 3102 4698; baseline 0.001 -18"><span class='ocrx_word' id='word_1_719' title='bbox 771 4625 909 4681; x_wconf 82' lang='lat' dir='ltr'><strong>alias</strong></span> <span class='ocrx_word' id='word_1_720' title='bbox 945 4629 1119 4682; x_wconf 79' lang='lat' dir='ltr'><strong>terras</strong></span> <span class='ocrx_word' id='word_1_721' title='bbox 1153 4626 1313 4698; x_wconf 84' lang='lat' dir='ltr'><strong>longe</strong></span> <span class='ocrx_word' id='word_1_722' title='bbox 1349 4632 1577 4697; x_wconf 87' lang='lat' dir='ltr'><strong>superet.</strong></span> <span class='ocrx_word' id='word_1_723' title='bbox 1621 4659 1679 4668; x_wconf 90' lang='lat'>-</span> <span class='ocrx_word' id='word_1_724' title='bbox 1715 4629 2048 4698; x_wconf 74' lang='lat' dir='ltr'><strong>yravidae</strong></span> <span class='ocrx_word' id='word_1_725' title='bbox 2071 4630 2339 4697; x_wconf 58' lang='lat' dir='ltr'><strong>fruges,</strong></span> <span class='ocrx_word' id='word_1_726' title='bbox 2378 4626 2570 4682; x_wconf 75' lang='lat' dir='ltr'><strong>laetae.</strong></span> <span class='ocrx_word' id='word_1_727' title='bbox 2631 4626 2749 4680; x_wconf 79' lang='lat' dir='ltr'><strong>vid.</strong></span> <span class='ocrx_word' id='word_1_728' title='bbox 2787 4625 2856 4679; x_wconf 91' lang='lat' dir='ltr'><strong>ad</strong></span> <span class='ocrx_word' id='word_1_729' title='bbox 2894 4624 3018 4679; x_wconf 89' lang='lat' dir='ltr'><strong>Geo.</strong></span> <span class='ocrx_word' id='word_1_730' title='bbox 3061 4623 3102 4683; x_wconf 84' lang='lat'><strong>1.</strong></span> 
     </span>
    </p>
   </div>
  </div>
 </body>
</html>
