3616 5026
1502 248 2039 320 GEORGICON
2080 249 2250 317 LIB.
2293 250 2408 317 IV.
2996 266 3117 329 537

764 407 970 475 Ducit
1011 421 1077 476 et
1118 413 1364 480 intacta
1407 414 1675 481 totidem
1715 421 1972 485 cervice
2018 418 2345 485 iuvencas.

771 491 934 558 Post
976 493 1091 558 ubi
1136 518 1310 563 nona
1352 521 1501 565 suos
1542 496 1805 567 Aurora
1847 503 2199 568 induxerat
2241 514 2440 588 ortus,

760 574 1042 674 Inferias
1087 577 1339 665 Orphei
1381 583 1581 647 mittit
1621 583 1965 686 lucumque
2007 587 2251 651 revisit.

761 658 892 723 Hic
936 680 1093 726 vero
1133 664 1414 730 subitum
1458 687 1538 730 ac
1582 666 1759 733 dictu
1802 668 2102 735 mirabile
2142 683 2499 739 monstrum

760 742 1130 829 Aspiciunt,
1176 747 1527 833 liquefacta
1569 749 1759 816 boum
1805 774 1924 838 per
1968 755 2226 818 viscera
2268 766 2398 822 toto
3018 772 3117 819 555

762 827 1054 892 Striderc
1099 852 1258 916 apes
1302 843 1482 897 utero
1529 844 1593 896 et
1633 838 1851 921 ruptis
1897 836 2210 900 effervere
2254 842 2448 906 costis

759 911 1229 1000 Inmensasque
1273 915 1442 979 trahi
1488 916 1713 998 nubes,
1757 920 2018 1004 iamque
2059 918 2294 985 arbore
2338 946 2593 991 summa

761 993 1107 1060 Confluere
1148 1007 1214 1062 et
1255 997 1445 1063 lentis
1493 1022 1689 1065 uvam
1736 1001 2076 1066 demittere
2120 1006 2341 1068 ramis.

927 1077 1114 1144 Haec
1159 1103 1359 1168 super
1399 1105 1708 1149 arvorum
1754 1084 1932 1150 cultu
1972 1106 2413 1173 pecorumque
2457 1091 2771 1158 canebam

754 1450 929 1486 σαινιο
986 1434 1048 1488 δὲ
1108 1435 1348 1505 βωμούς.
1403 1467 1471 1516 ,-
1534 1436 1649 1497 550
1706 1454 1856 1515 sqq.·
1901 1437 2145 1498 ..lisdem
2208 1438 2384 1493 verbis
2445 1439 2599 1493 Maro
2656 1440 2856 1504 utitur,
2920 1441 3113 1510 quibus

752 1500 938 1621 pgullo
997 1507 1143 1561 ante.
1202 1504 1480 1558 Homenco
1541 1521 1712 1566 more3
1773 1521 1925 1559 cuius
1986 1505 2125 1559 ratio
2181 1505 2309 1559 haec
2372 1507 2606 1562 tenenda
2664 1512 2774 1568 est,
2834 1525 2901 1563 ne
2946 1509 3112 1563 semel

819 1585 885 1621 ne
964 1572 1019 1622 et
1095 1572 1310 1640 proprie
1377 1573 1662 1626 enuntiata
1727 1572 1903 1626 ieiune
1975 1579 2073 1626 aut
2148 1590 2423 1643 perperam
2496 1578 2831 1629 mutentur.“
2932 1576 3111 1639 Heme.

750 1666 814 1672 —
869 1635 996 1697 551.
1086 1640 1305 1692 Ducit.
1386 1640 1467 1692 (31¹.
1545 1640 1677 1693 Aen.
1737 1640 1844 1702 vl,
1926 1644 2037 1694 153.
2110 1642 2238 1694 Duc
2300 1642 2491 1708 nimae
2541 1645 2793 1712 pecudes.
2853 1675 2918 1683 -——
2980 1642 3110 1704 552.

749 1702 1003 1758 Ribbeck.
1042 1722 1164 1759 cum
1202 1706 1341 1760 Gud.
1383 1722 1416 1760 a
1452 1724 1524 1760 m.
1564 1724 1643 1775 pr.
1685 1707 1902 1776 scripsit
1939 1708 2101 1762 Post
2134 1711 2274 1774 ube,
2315 1726 2479 1779 supra
2516 1713 2699 1765 tamen
2737 1727 2786 1764 v.
2823 1714 2940 1763 544.
2976 1712 3114 1764 Post

747 1769 855 1823 uhi.
931 1772 1052 1825 Vid.
1090 1772 1159 1827 ad
1195 1773 1321 1828 Geo.
1358 1774 1401 1832 Ι,
1451 1778 1569 1826 4-11.
1615 1775 2008 1843 induxerat,
2058 1776 2359 1846 Conington
2401 1778 2609 1832 confert
2644 1778 2773 1831 Hor.
2810 1777 2923 1831 Sat.
2961 1779 3006 1836 1.
3062 1783 3112 1844 5,

748 1845 796 1892 9.
842 1839 967 1892 Iam
1015 1858 1126 1894 nox
1175 1842 1436 1895 traducere
1480 1842 1642 1895 εστ-νῶι
1703 1843 1935 1896 Umbras
1982 1873 2005 1884 -
2042 1872 2065 1884 -
2106 1847 2361 1914 parabat.
2425 1878 2479 1886 —-
2547 1844 2681 1907 554.
2741 1853 3114 1904 monstrum.

748 1921 860 1959 rem
899 1915 1278 1968 monstrosam.
1317 1909 1527 1963 miram.
1601 1910 1683 1964 Cf.
1719 1911 1852 1965 Aen.
1879 1911 1953 1973 ΙΙ,
2000 1914 2115 1965 1Ἰ1.
2155 1916 2269 1966 680.
2304 1913 2404 1974 ΙΙΙ,
2442 1917 2528 1967 58.
2565 1917 2682 1966 307.
2720 1913 2868 1970 vul.
2911 1913 3110 1973 81.ΙΧ,

750 1977 863 2028 120.
911 1975 1169 2044 Respexit
1213 1976 1355 2031 hunc
1398 1977 1575 2031 locum
1614 1979 1770 2032 Grat.
1826 1981 1958 2046 (tyn.
2022 1983 2140 2033 4⁴3.
2202 1980 2317 2033 Hic
2353 1983 2507 2034 dicut
2537 1982 2734 2034 miv-mn
2770 1989 2933 2050 atquc
2968 1982 3117 2034 alim

746 2043 989 2107 iambica
1048 2052 1344 2097 monstrum
1424 2076 1444 2087 -
1515 2075 1538 2086 -
1600 2046 1771 2098 Venit.
1845 2079 1909 2086 -
1971 2046 2102 2108 555.
2188 2049 2567 2117 Aspiciam,
2636 2048 2917 2103 Aristaeus
2989 2064 3112 2102 cum

747 2110 1037 2164 comitibus
1063 2129 1108 2165 s.
1136 2112 1470 2168 victimariis,
1508 2145 1573 2154 —-
1611 2115 2001 2182 liquefacta
2022 2132 2147 2184 per
2174 2117 2461 2183 viscera,
2500 2116 2536 2170 i.
2572 2132 2617 2170 e.
2654 2118 2798 2176 tabe.
2827 2116 3113 2185 putredine

748 2177 1033 2233 dissoluta.
1074 2179 1196 2234 Vid.
1235 2197 1354 2249 sup.
1391 2197 1439 2236 v.
1482 2187 1601 2235 308.
1639 2182 1719 2235 De
1755 2183 2056 2235 viscerilms
2090 2182 2198 2235 vid.
2237 2181 2445 2237 adnott.
2481 2181 2552 2237 ad
2579 2183 2707 2238 Geo.
2742 2183 2851 2246 ΠΙ,
2891 2188 3005 2238 559.
3056 2216 3092 2223 -·

745 2244 874 2305 556.
916 2247 1254 2302 Stridore.
1324 2247 1445 2302 vid.
1485 2265 1652 2319 supra
1685 2250 1752 2303 ad
1820 2265 1867 2302 v.
1909 2253 2023 2303 262.
2085 2251 2335 2303 Ceterum
2380 2249 2446 2304 de
2485 2251 2663 2305 verbis
2698 2259 2994 2305 monstrum
3030 2280 3054 2291 -
3091 2281 3113 2292 ·

745 2314 984 2367 sti-alere
1023 2345 1042 2354 -
1079 2343 1104 2355 ·
1138 2319 1398 2385 efferi-erc
1445 2320 1550 2370 etc.
1590 2333 1688 2386 per
1723 2334 1792 2386 ap
1834 2318 2113 2370 ositionem
2152 2318 2448 2370 coniunctis
2484 2317 2593 2372 vid.
2630 2317 2837 2372 adnott.
2876 2319 2944 2371 ad
2980 2319 3111 2372 Aen.

745 2381 857 2442 ΙΙΙ,
922 2385 1038 2435 241.
1096 2411 1161 2421 -
1224 2387 1609 2452 asservare,
1660 2401 1722 2438 ex
1803 2388 1994 2438 meret.
2055 2385 2128 2440 11.
2188 2388 2303 2438 927.
2365 2384 2642 2438 ceruinam
2676 2415 2699 2426 -
2735 2415 2759 2426 ·
2793 2404 2996 2439 vermes
3031 2415 3053 2426 ·
3090 2415 3113 2426 -

747 2450 1030 2517 effervere.
1087 2459 1290 2504 terram
1338 2452 1752 2523 Intempestivos
1813 2471 1976 2521 qtmm
2024 2461 2196 2523 putor
2232 2453 2375 2524 cepit
2413 2455 2480 2507 ob
2517 2454 2707 2506 imbris
2721 2495 2734 2517 ‚
2774 2453 2866 2507 ubi
2905 2453 3112 2508 Wakes.

747 2519 957 2571 confert
992 2519 1145 2574 ovid.
1187 2521 1340 2574 Fast.
1399 2521 1453 2579 l.
1492 2526 1609 2575 379.
1670 2523 1887 2584 fervent
1924 2522 2173 2575 examina
2209 2521 2367 2590 ptari
2400 2522 2491 2574 De
2529 2523 2681 2575 bove.
2752 2523 3004 2575 Ceterum
3043 2525 3109 2578 cs.

746 2585 957 2639 adnott.
994 2586 1064 2640 ad
1099 2588 1226 2641 Geo.
1265 2588 1309 2644 I.
1347 2592 1465 2643 456.
1502 2621 1568 2629 -
1604 2588 1734 2649 557.
1771 2592 2023 2655 „nubes
2057 2588 2269 2655 trahi,
2319 2604 2455 2642 nova
2488 2589 2747 2643 exaniina.
2786 2588 2870 2643 Cf.
2910 2589 2980 2642 ad
3016 2589 3114 2642 hos

746 2670 932 2708 versus
959 2653 1217 2709 Nicandr.
1237 2655 1483 2725 Alexiph.
1523 2661 1623 2710 443
1660 2674 1794 2725 sqq„
1835 2657 1927 2710 ubi
1965 2657 2030 2710 ‹lc
2067 2662 2384 2725 papaverc.“
2425 2655 2602 2723 Heyn.
2640 2656 2723 2710 Cf.
2750 2656 2918 2709 etiam
2950 2672 3115 2725 supra

744 2737 795 2775 ν.
832 2726 915 2775 60.
951 2753 1017 2761 —-
1055 2721 1183 2783 558.
1222 2742 1412 2776 uvam
1451 2726 1822 2790 demittere,
1860 2725 1912 2777 in
1945 2741 2078 2778 uvae
2114 2723 2343 2792 speciem
2380 2723 2704 2792 (βοτρυδὸν,
2743 2724 2898 2777 Hom.
2934 2723 3002 2778 Il.
3038 2724 3114 2783 Il.

745 2792 851 2853 89.)
910 2788 1141 2857 pendere
1199 2807 1258 2844 cx
1308 2792 1512 2845 arbore.
1585 2793 1666 2846 (tf.
1706 2791 2015 2845 simillimus
2050 2791 2199 2845 locus
2231 2791 2363 2844 Aen.
2404 2790 2531 2853 VII,
2580 2795 2645 2844 64
2681 2807 2795 2860 sqq.
2856 2822 2921 2830 -—-
2978 2790 3108 2852 559.

746 2873 862 2925 sqq.
927 2857 1065 2911 Cum
1111 2874 1145 2911 a
1201 2861 1480 2927 poetarum
1542 2875 1689 2913 more
1724 2859 1960 2912 alienum
1997 2860 2071 2911 sit
2105 2858 2242 2911 talia
2275 2858 2567 2925 adiungere
2614 2858 2725 2912 suis
2763 2857 3109 2917 carminibus,

745 2929 935 2978 contra
969 2941 1091 2978 vero
1127 2925 1525 2980 Grammaticos
1570 2926 1671 2981 tali
1724 2925 1849 2979 lusu
1886 2924 2184 2980 delectatos
2238 2941 2352 2980 esse
2406 2927 2638 2987 constet,
2685 2940 2913 2994 cumque
2960 2927 3015 2980 in
3051 2943 3112 2980 eo

745 2992 962 3061 singula
996 2994 1262 3061 quaedam
1293 2995 1458 3046 verba
1493 2993 1795 3054 offendant,
1846 2996 1910 3046 ut
1951 2993 2087 3046 hae-c
2133 3009 2231 3059 eqo
2267 2994 2528 3046 canebam
2563 3021 2588 3033 ·
2623 3022 2647 3034 -
2684 2996 2817 3046 dnm
2847 2994 3114 3059 fulminat

746 3066 803 3113 et
837 3076 1034 3113 canere
1070 3078 1237 3130 super
1271 3061 1466 3130 aliqua
1502 3077 1581 3127 re,
1620 3062 1918 3127 Bryantus..
1957 3059 2253 3115 Schrader..
2294 3059 2547 3121 Brunok.,
2587 3060 2830 3129 Heynius
2868 3063 2925 3115 et
2959 3062 3111 3117 Schi-

745 3126 889 3182 rach.
967 3168 979 3181 .
1015 3131 1134 3181 415.
1174 3128 1392 3196 (quibus
1441 3129 1606 3182 ctiam
1646 3128 1854 3182 Peerlk.
1909 3146 1961 3197 p.
2008 3132 2124 3182 3οῖ.
2174 3127 2389 3181 videtur
2435 3127 2723 3190 adsentiri,
2778 3144 2942 3197 quam
2980 3146 3104 3184 uam

783 3195 876 3249 uid
927 3144 998 3248 gc
1059 3194 1145 3248 his
1203 3196 1446 3249 versibus
1502 3197 1733 3261 sentiat,
1805 3197 2044 3250 nondum
2110 3199 2293 3263 aperte
2354 3194 2474 3248 vult
2532 3196 2912 3264 pronuntiare)
3006 3214 3107 3251 unc

769 3263 1032 3331 ,pilog’um
1072 3263 1314 3332 spurium
1357 3267 1412 3318 et
1458 3267 1622 3332 poeta
1676 3263 1959 3331 indignum
2011 3264 2362 3319 censuerunt:
2417 3261 2510 3316 sed
2573 3266 2718 3318 recte
2764 3280 2885 3317 eum
2930 3264 3110 3318 defen·

746 3330 944 3385 derunt
964 3330 1139 3391 Voss,
1164 3330 1354 3397 Wagn.
1393 3332 1505 3400 <qui
1547 3332 1711 3385 etiam
1748 3332 1884 3384 conf.
1921 3330 1993 3385 ad
2028 3330 2179 3399 Eleg.
2217 3329 2286 3383 ad
2324 3329 2542 3383 Messal.
2580 3347 2634 3399 p.
2658 3335 2730 3387 9.)
2766 3334 2821 3385 et
2857 3332 3110 3387 Ribbeck.

745 3399 896 3453 Lect.
933 3399 1094 3465 Verg.
1155 3417 1206 3468 p.
1272 3403 1336 3464 1.,
1397 3402 1453 3452 et
1487 3399 1700 3463 Proleg.
1737 3416 1791 3468 p.
1833 3402 1912 3452 18.
1969 3399 2210 3452 Primum
2248 3397 2387 3451 enim
2422 3397 2697 3461 urgendus
2732 3401 2818 3452 est
2852 3398 3111 3453 librorum

745 3484 876 3520 mss.
946 3468 1181 3520 omnium
1248 3471 1305 3520 et
1373 3466 1889 3527 Grammaticorum,
1962 3465 2248 3520 Frontonis
2312 3481 2392 3518 vV.
2454 3466 2728 3534 Adfectat
2794 3470 2851 3521 et
2908 3467 3108 3537 Super,

746 3535 931 3590 Servii.
972 3534 1320 3601 Philargyrii.
1360 3551 1666 3591 consensus,
1703 3534 1895 3588 deinde
1930 3536 1987 3588 et
2022 3533 2249 3588 aliorum
2284 3537 2564 3600 poetarum
2605 3533 2876 3599 (Hesiodi,
2914 3534 3111 3588 Nican-

747 3601 856 3665 dri,
894 3600 1119 3667 ovidii),
1169 3606 1224 3655 ot
1271 3604 1440 3723 ipsius
1487 3601 1710 3667 Vergilii
1761 3618 1893 3656 usus
1940 3601 2080 3655 tales
2125 3599 2396 3655 clausulas
2436 3600 2718 3655 adiiciendi
2765 3602 2857 3663 (cf.
2894 3601 3003 3656 Ecl.
3043 3602 3110 3670 X,

747 3674 810 3722 70
849 3687 965 3738 sqq.
1006 3674 1060 3722 et
1097 3669 1224 3723 Geo.
1264 3670 1287 3723 I
1322 3709 1334 3729 .
1373 3674 1463 3723 541
1527 3674 1657 3738 sq.)‚
1715 3670 1943 3737 denique
1981 3670 2119 3722 mira
2151 3669 2433 3723 verborum
2468 3669 2710 3732 gravitas
2740 3684 3112 3723 numerorum-

747 3754 849 3806 que
887 3737 1191 3805 elegantia,
1251 3754 1470 3806 prorsus
1505 3737 1684 3791 aliena
1717 3753 1751 3790 a
1785 3738 2272 3790 Grammaticorum
2307 3735 2513 3805 putidis
2565 3736 2978 3799 additamentis;
3032 3737 3114 3791 ita

744 3808 809 3858 ut
861 3805 1138 3859 verissime
1189 3804 1478 3859 contendat
1530 3805 1744 3870 Wagn..
1810 3804 2039 3873 singulis
2083 3804 2258 3858 verbis
2296 3803 2432 3857 nihil
2480 3804 2672 3863 inesse.
2734 3804 2789 3857 in
2881 3821 2949 3858 uo
2992 3805 3113 3874 quis

742 3874 858 3926 iure
895 3872 1131 3926 haereat.
1207 3872 1353 3937 Quae
1391 3871 1532 3926 enim
1571 3873 1838 3928 Hevnium
1885 3873 2251 3929 offenderunt.
2301 3872 2478 3924 omnia
2513 3872 2647 3926 bene
2686 3887 2743 3926 se
2776 3870 2849 3926 ha
2918 3874 2997 3933 nt,
3050 3875 3113 3925 ut

744 3940 934 3994 statim
958 3939 1280 3993 videbimus.
1311 3969 1367 3978 -
1399 3940 1464 3991 H
1469 3957 1598 3993 aec.
1641 3929 1801 3993 Pron.
1829 3939 2124 3995 demonstr.
2150 3943 2323 3993 totum
2353 3938 2671 4003 Georgicon,
2710 3942 2775 3992 ut
2798 3939 2917 3994 Ecl.
2935 3939 3003 3996 X.
3029 3945 3110 3994 70.

744 4008 814 4059 H
817 4024 936 4061 aec
989 4015 1079 4061 sat
1133 4007 1255 4067 erit,
1322 4008 1504 4071 ‹liv-ac,
1567 4014 1802 4061 vestram
1868 4009 2125 4061 cecimkse
2173 4012 2392 4076 poetam
2435 4012 2611 4060 totum
2649 4005 2939 4062 Bucolicon
2978 4023 3112 4077 opus

744 4092 862 4129 com
901 4075 1028 4129 lecti
1097 4078 1274 4128 censet
1346 4075 1533 4141 Wagn.
1607 4075 1706 4139 Qu.
1773 4076 1933 4139 Vera.
2014 4075 2140 4129 XX.
2206 4079 2253 4126 2.
2330 4077 2384 4128 et
2453 4074 2756 4141 Conington
2831 4078 3111 4144 praetcrea

741 4159 838 4197 con
866 4143 970 4197 erri
1006 4142 1159 4196 iubet
1199 4142 1430 4196 similem
1467 4142 1644 4196 locum
1683 4143 1813 4196 Hor.
1871 4143 1969 4211 Ep.
2030 4142 2082 4201 1,
2126 4146 2204 4203 10,
2240 4145 2323 4195 49.
2360 4141 2521 4194 Haec
2557 4142 2662 4194 tihi
2692 4143 2972 4196 dictabam
3007 4147 3107 4198 etc.

743 4210 1004 4278 Exempla
1043 4215 1224 4265 autem
1264 4210 1688 4280 Praepositionis
1719 4229 1889 4280 smper
1969 4228 2025 4263 ro
2061 4211 2130 4262 de
2163 4208 2369 4277 positae
2405 4209 2519 4277 ipsc
2554 4210 2802 4278 suggerit
2841 4210 3112 4277 Vergilius

741 4280 875 4333 Aen.
937 4278 991 4337 Ι,
1064 4283 1175 4333 ῖ50.
1231 4278 1355 4333 ΙΙΙ.
1430 4283 1545 4333 348.
1607 4279 1683 4334 Χ.
1745 4281 1862 4333 839.
1998 4294 2131 4345 eque
2190 4276 2305 4329 ulla
2364 4290 2532 4354 causa
2594 4282 2851 4356 apparet,
2927 4278 3109 4357 quidm

743 4348 796 4400 in
839 4346 1098 4400 eiusmodi
1136 4347 1387 4400 carminis
1446 4346 1768 4400 didactici
1826 4345 2034 4417 epilogo
2088 4349 2274 4413 poetae
2337 4343 2551 4397 licuerit
2610 4345 2843 4399 tormula
2902 4344 3111 4400 dicendi

741 4415 823 4468 uti
881 4414 1204 4492 optimorum
1271 4413 1534 4481 pedestris
1590 4415 1851 4469 orationis
1910 4414 2233 4481 scriptorum
2271 4410 2525 4478 exemplis
2577 4411 2712 4464 satis
2748 4413 3108 4482 comprobata.

744 4484 827 4536 Cf.
870 4483 981 4535 Cic.
1021 4484 1138 4536 Att.
1176 4482 1242 4548 X,
1277 4486 1326 4534 δ.
1370 4488 1503 4535 extr.
1541 4481 1658 4535 Sea
1688 4484 1795 4534 lime
1828 4499 1994 4552 super
2025 4497 2088 4532 re
2122 4480 2310 4539 πῂηίες
2348 4477 2477 4531 ibid.
2514 4477 2659 4534 XVI.
2697 4483 2743 4532 6.
2784 4480 2914 4534 Hac
2945 4498 3112 4551 super

740 4567 804 4604 re
854 4550 1097 4604 scu-ibam
1144 4553 1226 4603 ad
1266 4557 1316 4602 te
1350 4550 1532 4616 Restio
1575 4552 1677 4605 etc.
1749 4551 1833 4603 Cf.
1868 4550 2033 4603 etiam
2068 4544 2318 4600 Ruddim.
2354 4545 2424 4599 ΙΙ.
2523 4588 2534 4600 .
2573 4549 2693 4600 326.
2730 4549 2788 4601 et
2823 4548 2994 4604 Orell.
3038 4548 3107 4603 ad

743 4619 877 4672 Hor.
914 4618 981 4671 A.
1022 4617 1088 4672 P.
1123 4620 1244 4671 429.
1278 4648 1343 4657 —
1376 4634 1868 4687 pecorumque;
1914 4617 1970 4670 in
2009 4615 2094 4669 his
2129 4613 2291 4668 etiam
2331 4612 2397 4667 de
2433 4628 2497 4668 cu
2522 4616 2585 4667 tu
2620 4630 2804 4683 apum.
2842 4617 2969 4672 Voc.
2999 4633 3100 4689 pe·

741 4686 892 4741 cor-225
927 4686 1070 4741 enim
1107 4701 1237 4754 apes
1276 4703 1489 4758 quoque
1525 4686 1580 4740 in
1616 4702 1675 4741 se
1709 4701 1868 4755 posse
1903 4683 2196 4749 continere,
2237 4681 2393 4737 docet
2427 4698 2595 4753 supra
2630 4698 2681 4738 v.
2724 4687 2838 4744 168.
2873 4686 2954 4743 cf.
2991 4684 3089 4741 ad·
