3616 5026
599 229 718 290 410
1300 222 1374 288 Ρ.
1418 220 1785 290 VERGILI
1827 221 2223 291 MARONIS

594 387 698 453 Illi
741 387 1136 455 alternantes
1183 388 1386 455 multa
1422 390 1491 454 vi
1538 387 1789 475 proelia
1830 390 2107 456 miscent
2826 406 2929 458 220

596 471 989 538 Volneribus
1033 472 1300 554 crebris,
1344 472 1509 538 lavit
1549 482 1690 537 ater
1733 494 2011 559 corpora
2054 476 2318 559 sanguis

594 554 930 644 Versaque
969 558 1038 621 in
1076 555 1353 622 obnixos
1391 578 1471 620 ur
1562 565 1749 619 entur
1792 578 2038 622 cornua
2075 569 2263 623 vasto

595 637 759 706 Cum
808 641 1075 724 gemitu,
1115 639 1388 705 reboant
1431 640 1482 702 s‘
1513 661 1634 703 vae
1682 661 1762 703 ue
1805 648 1870 703 et
1905 638 2137 726 longus
2182 640 2522 729 Olympus

592 723 730 788 Nec
770 746 910 789 mos
951 722 1254 788 bellantis
1299 744 1432 787 una
1475 721 1619 787 stab
1691 744 1823 803 are,
1869 722 1985 788 sed
2029 723 2210 807 alter,

590 804 820 871 Victus
864 805 1004 871 abit
1042 805 1359 895 longeque
1402 807 1642 904 ignotis
1685 805 1942 870 exsulat
1984 809 2136 872 oriS.
2824 822 2923 873 225

589 888 796 955 Multa
839 912 1104 976 gemens
1146 890 1568 976 ignominiam
1608 888 1678 987 pl
1770 910 1971 976 asque
2017 889 2281 975 superbi

590 973 894 1055 VictoriS,
938 982 1076 1039 tum
1140 996 1303 1059 quos
1349 974 1566 1038 amisit
1604 994 1671 1036 in
1743 983 1844 1037 tus
1890 994 2175 1056 amores,

587 1056 677 1122 Et
718 1055 974 1122 stabula
1014 1079 1055 1123 a
1105 1068 1407 1145 spectans
1452 1057 1674 1140 regnis
1718 1057 2001 1121 excessit
2044 1057 2255 1121 avitis.

591 1213 658 1221 ,ἑ-
907 1211 1002 1218 ———

589 1274 766 1355 empla
802 1274 961 1329 modo
1006 1274 1232 1329 laudata
1263 1273 1547 1329 debentur.
1586 1303 1654 1313 —
1710 1270 1840 1335 220.
1895 1275 2325 1343 alternantes,
2375 1275 2764 1348 ἀμειβόμενα,
2801 1277 2838 1333 i.
2875 1296 2923 1333 e.

587 1344 836 1407 vicissim,
877 1343 1107 1397 invicem
1144 1342 1290 1398 inter
1322 1360 1396 1397 se.
1459 1342 1711 1397 Ceterum
1743 1343 1958 1397 eosdem
1994 1343 2104 1397 fere
2140 1359 2324 1398 versus
2358 1344 2581 1399 iteravit
2605 1349 2765 1416 poeta
2789 1346 2921 1401 Aen.

585 1411 705 1472 ΧΗ,
744 1415 1031 1466 720-723,
1069 1443 1136 1452 —-
1163 1411 1440 1482 proelia
1485 1411 1766 1465 miscent.
1828 1409 1951 1465 vid.
1998 1411 2205 1465 adnott.
2245 1411 2313 1465 ad
2348 1412 2477 1466 Geo,
2518 1412 2596 1472 II,
2632 1416 2748 1467 282.
2820 1413 2924 1467 Co-

584 1480 675 1533 nin
773 1496 807 1533 n
855 1479 1085 1533 conferri
1129 1479 1280 1534 iubet
1326 1479 1654 1533 imitationes
1702 1478 1864 1532 huius
1912 1478 2014 1532 loci
2056 1494 2143 1547 ap.
2189 1479 2342 1533 Ovid.
2387 1480 2516 1535 Met.
2553 1480 2709 1544 Vm,
2744 1485 2828 1535 46.
2868 1485 2925 1535 et

584 1550 683 1604 Sta
713 1590 725 1601 .
764 1547 930 1602 Theb.
967 1547 1059 1609 VI,
1087 1551 1201 1601 864.
1239 1549 1402 1627 atque
1438 1563 1675 1626 pugnam
1712 1546 1960 1600 Herculis
1995 1562 2115 1601 cum
2154 1546 2382 1601 Acheloo
2418 1564 2452 1601 a
2490 1591 2502 1602 .
2539 1549 2607 1602 So
2644 1548 2701 1602 h.
2728 1548 2922 1603 Trach.

585 1619 680 1671 517
718 1633 834 1686 sqq.
872 1647 940 1656 —
997 1611 1127 1675 221.
1184 1616 1356 1669 lavat
1439 1617 1606 1669 oetice
1655 1631 1749 1684 pro
1785 1614 2065 1684 perfundit
2101 1630 2316 1685 corpus,
2364 1565 2553 1670 deii'uit
2625 1632 2653 1670 e
2688 1633 2920 1687 corpore.

583 1683 702 1737 Vid.
741 1700 788 1738 v.
831 1699 873 1738 c.
909 1684 1044 1737 Aen.
1081 1683 1155 1748 X,
1196 1686 1311 1738 727.
1365 1633 1488 1746 231,
1528 1685 1643 1737 722.
1707 1681 1891 1736 Plaut.
1930 1682 2078 1736 Pers.
2115 1682 2168 1746 I,
2209 1687 2254 1743 1,
2294 1686 2340 1737 8.
2397 1682 2515 1737 Val.
2552 1683 2638 1737 Fl.
2674 1684 2767 1746 IV,
2810 1688 2922 1739 153.

583 1750 738 1807 Ovid.
773 1751 903 1805 Met.
941 1751 1037 1814 IX,
1078 1754 1193 1805 680.
1235 1750 1437 1805 Lucan.
1478 1750 1573 1812 VI,
1612 1754 1726 1805 709.
1766 1754 1895 1812 etc.;
1943 1766 2063 1803 cum
2101 1750 2295 1820 quibus
2335 1752 2403 1805 cf.
2443 1750 2651 1806 adnott.
2687 1752 2754 1805 ad
2791 1751 2919 1807 Geo.

581 1820 627 1881 I,
656 1822 766 1872 117.
792 1850 859 1859 ——-
897 1816 1030 1879 222.
1066 1819 1387 1886 „ohnixos
1422 1835 1544 1873 cum
1580 1817 1783 1872 dilectu
1820 1821 1877 1871 et
1914 1818 1986 1870 vi.
2057 1819 2175 1872 Non
2203 1819 2384 1872 omisit
2412 1817 2571 1873 huius
2596 1820 2738 1873 vocis
2761 1836 2919 1873 usum

582 1886 807 1950 Statiusa
844 1902 967 1941 cum
1000 1887 1300 1940 imitatione
1335 1886 1478 1940 hunc
1512 1887 1689 1940 locum
1725 1886 2044 1955 exprimeret
2080 1885 2245 1940 Theb.
2285 1886 2378 1949 IV,
2418 1890 2535 1941 399.
2572 1888 2774 1941 Ardua
2808 1889 2923 1941 col·

582 1956 711 2008 lat-22⁹
750 1955 940 2008 obnixi
981 1972 1191 2008 cornua
1230 1955 1455 2008 mssa-ent
1495 1954 1808 2007 Frontibus.
1866 1985 1933 1993 —
1989 1952 2225 2021 lonyus
2273 1953 2585 2025 Olympus
2668 1972 2724 2008 ro
2773 1955 2920 2024 vulg.

580 2040 807 2090 maynus
840 2023 1129 2145 Οὖίηιὲηιε,
1181 2023 1289 2077 iam
1325 2022 1543 2076 Heinsio
1578 2023 1895 2101 probatum,
1943 2022 2142 2091 recepit
2175 2021 2358 2076 Burni.
2404 2039 2465 2076 ex
2500 2039 2606 2076 uno
2699 2022 2830 2077 edic.
2867 2027 2924 2077 et

581 2090 815 2144 Macrob.
852 2088 901 2142 V
936 2129 948 2152 ,
1007 2135 1018 2146 .
1056 2093 1208 2154 extr„
1247 2093 1311 2143 ut
1345 2091 1419 2144 sit
1453 2106 1604 2143 mons
1639 2089 1801 2159 longo
1836 2106 1963 2160 lugo
1990 2106 2286 2143 excurrens.
2357 2089 2557 2144 Verum
2581 2090 2634 2143 h.
2661 2090 2699 2143 l.
2738 2091 2920 2159 Olum-

717 2175 822 2212 non
860 2174 1038 2220 mom,
1083 2158 1177 2239 sed
1213 2158 1477 2239 coelum.“
1526 2157 1707 2237 Heyn.
1779 2158 1895 2210 Hoc
1933 2173 2062 2237 sane
2098 2157 2434 2211 verissimum
2473 2157 2563 2218 (cf.
2600 2146 2819 2238 adnott.'
2850 2159 2918 2212 ad

628 2225 696 2279 cl.
738 2225 804 2288 V,
829 2229 953 2288 56.),
997 2226 1091 2280 sed
1125 2225 1470 2280 nihilominus
1503 2224 1662 2279 lectio
1697 2227 1910 2293 longus,
1948 2242 1984 2279 1.
2015 2242 2058 2280 e.
2097 2225 2255 2295 longe
2288 2229 2566 2294 porrectus
2603 2226 2726 2294 (vid.
2755 2243 2921 2296 supra

579 2310 630 2346 v.
667 2297 804 2358 200.)
839 2297 1060 2363 propter
1092 2294 1338 2348 additum
1374 2309 1486 2348 voc.
1520 2295 1748 2347 reboant
1786 2292 2166 2374 praeferenda..
2225 2294 2380 2346 Voss.
2425 2295 2566 2348 inter
2602 2294 2736 2348 alios
2774 2295 2920 2348 locos

580 2366 857 2483 2325?ss
872 2362 1485 2498 3353.ssssssss
1507 2360 2395 2507 ‘zi‘hszf‘fissffzffi‘ff‘ssx‘thtzi
2429 2361 2921 2510 3233&st

580 2497 666 2551 cet
703 2497 768 2550 W
882 2539 895 2552 .
963 2496 1216 2552 Ceterum
1265 2497 1595 2552 reboandi
1636 2497 1858 2551 verbum
1896 2512 1957 2551 ex
1992 2496 2238 2551 Lucretio
2277 2496 2652 2567 depromptum
2688 2497 2917 2563 videtur,

579 2565 672 2620 ubi
705 2512 884 2629 Πῗξὲ.
924 2565 1044 2619 Nec
1078 2566 1310 2620 citlaearzk
1344 2567 1574 2619 reboant
1595 2595 1619 2605 -
1642 2594 1667 2606 -
1689 2574 1788 2618 tem
1828 2564 1893 2637 ,la
1927 2568 1984 2618 et
2018 2565 2109 2629 IV,
2139 2568 2253 2619 545.
2287 2565 2481 2618 reboat
2511 2583 2739 2621 raucum
2775 2568 2921 2619 bom-

579 2635 702 2687 bum
751 2633 881 2687 tuba
932 2631 1150 2702 legitur.
1219 2633 1305 2687 Cf.
1352 2633 1518 2687 etiam
1556 2633 1717 2686 Silius
1852 2632 1935 2695 H,
1973 2635 2087 2686 252.
2149 2632 2386 2686 Val.F1.
2433 2633 2544 2695 ΙΠ,
2583 2638 2696 2689 634.
2761 2634 2862 2689 Cal
2904 2676 2917 2689 .

579 2699 693 2754 Ecl.
728 2700 886 2763 VIII,
926 2704 1007 2755 72.
1051 2705 1153 2756 etc.
1195 2734 1259 2742 —
1313 2698 1448 2761 224.
1486 2701 1856 2767 stabulare,
1902 2699 2137 2755 neutrali
2171 2716 2329 2754 sensu
2366 2717 2461 2770 pro
2499 2702 2672 2771 magis
2711 2702 2859 2756 usita

576 2769 864 2835 stabulari,
903 2768 941 2822 i.
968 2785 1013 2823 e.
1050 2770 1106 2822 in
1144 2769 1362 2823 stabulo
1398 2769 1617 2829 versari,
1657 2768 1867 2836 degere,
1904 2768 2108 2835 legitur
2140 2769 2302 2822 etiam
2329 2769 2461 2822 Aen.
2502 2769 2596 2830 VI,
2624 2772 2738 2825 286.
2774 2770 2916 2824 Stat.

578 2836 741 2891 Theb.
779 2836 825 2899 1,
862 2839 983 2889 275.
1019 2839 1138 2891 457.
1196 2838 1241 2889 A
1282 2836 1408 2891 ulei.
1447 2836 1579 2889 Met.
1617 2835 1718 2898 Vl,
1761 2839 1873 2890 113.
1925 2853 1976 2905 p.
2014 2838 2131 2890 393.
2179 2840 2236 2889 et
2268 2835 2422 2897 alibi,
2477 2836 2706 2891 fortasse
2753 2839 2917 2893 etiam

576 2903 670 2958 Sil.
707 2903 810 2966 111.
835 2905 952 2958 399.
994 2906 1050 2958 et
1072 2904 1212 2959 Gell.
1237 2853 1330 2969 81,
1356 2906 1424 2967 3.,
1464 2904 1559 2957 ubi
1579 2903 1831 2982 Particip
1868 2902 2151 2958 stabulans
2182 2903 2469 2958 invenitur.
2541 2905 2624 2959 cf.
2659 2904 2917 2959 Priscian.

576 2972 733 3033 Vm,
773 2975 821 3031 6,
860 2975 943 3027 29.
1034 3015 1044 3026 .
1084 2976 1199 3026 799.
1236 2970 1298 3028 Ρ.
1341 2975 1398 3026 et
1433 2970 1684 3026 Ruddm.
1721 2972 1768 3026 I.
1824 2987 1876 3040 p.
1913 2974 2028 3025 277.
2085 2974 2197 3025 not.
2233 2974 2317 3024 64.
2381 3002 2447 3011 -
2508 2970 2639 3034 225.
2697 2973 2921 3027 Victus

576 3039 717 3093 abit
765 3042 870 3093 etc.
940 2988 1028 3093 CF
1073 3039 1431 3094 imitationem
1472 3038 1631 3092 huius
1676 3038 1779 3093 loci
1825 3055 1912 3108 ap.
1950 3038 2225 3093 Lucanum
2261 3039 2340 3102 Π,
2377 3043 2471 3093 601
2513 3058 2540 3094 s
2579 3058 2630 3110 q.
2699 3041 2763 3094 In
2810 3041 2919 3095 fine

577 3107 737 3162 huius
772 3123 960 3161 versus
995 3107 1236 3162 Hanovio
1281 3123 1501 3161 suasore
1535 3105 1726 3161 Sched.
1766 3107 1887 3161 crit.
1922 3124 1976 3175 p.
2015 3112 2064 3160 5.
2111 3107 2283 3171 (cuius
2319 3106 2384 3161 de
2418 3105 2519 3161 boc
2576 3124 2667 3162 ooo
2702 3112 2919 3163 senten-

577 3174 710 3229 tiam
750 3176 914 3229 etiam
948 3174 1204 3230 Ribbeck.
1233 3174 1446 3244 Proleg.
1483 3193 1538 3245 p.
1564 3179 1643 3228 54.
1680 3175 1899 3243 probat)
1938 3190 2059 3228 cum
2083 3174 2293 3229 Ladew.
2328 3174 2596 3229 Punctum
2623 3176 2918 3246 posuimus,

577 3275 641 3283 ——
701 3238 832 3303 226.
888 3242 1126 3297 Multum
1178 3259 1421 3313 gemens,
1487 3245 1705 3312 propter
1763 3243 1988 3297 vulnera
2038 3242 2289 3296 nimirum
2339 3258 2373 3295 a
2425 3242 2631 3298 victore
2682 3247 2919 3314 accepta.

576 3310 799 3365 Multa
829 3327 1084 3380 gemens
1126 3314 1306 3364 autem
1352 3312 1516 3365 etiarn
1553 3311 1680 3365 Aen.
1718 3310 1792 3374 V,
1830 3314 1946 3364 869.
2011 3309 2097 3363 Sic
2130 3310 2270 3379 apud
2308 3310 2418 3364 Cic.
2456 3310 2577 3365 Div.
2613 3311 2666 3373 Ι,
2704 3316 2793 3374 20,
2831 3317 2917 3367 41.

575 3381 747 3433 mnata
769 3378 1067 3433 lacrimare
1120 3378 1187 3433 ad
1224 3378 1378 3432 Fam.
1415 3378 1515 3442 III,
1537 3382 1586 3433 3.
1622 3379 1695 3432 in.
1730 3379 1904 3432 multa
1929 3379 2105 3447 queri,
2140 3378 2282 3432 infra
2317 3378 2443 3433 Geo,
2481 3378 2574 3442 IV,
2599 3383 2715 3434 301.
2745 3381 2922 3434 ”mlta

574 3446 859 3512 reluctari,
899 3446 1033 3501 Aen.
1069 3421 1172 3508 fm,
1200 3449 1316 3500 610.
1353 3446 1506 3499 haud
1524 3447 1697 3500 malta
1731 3453 1978 3499 moratus
2018 3448 2119 3500 etc.
2178 3446 2349 3499 Erant
2381 3449 2580 3512 autem,
2622 3447 2715 3518 qui
2746 3449 2922 3502 multa

578 3517 634 3569 et
667 3515 892 3567 multum
938 3529 1107 3568 unum
1141 3515 1387 3583 idemque
1432 3514 1659 3577 habent;
1704 3530 1825 3567 cum
1860 3514 2033 3567 nudta
2066 3513 2308 3583 singulas
2356 3514 2583 3569 alicuius
2619 3516 2697 3569 rei
2733 3519 2920 3585 partes

578 3582 853 3652 respiciat,
895 3580 964 3636 ad
1001 3598 1134 3651 quas
1169 3583 1365 3636 iterata
1401 3582 1489 3636 vel
1525 3582 1841 3636 continuata
1877 3582 2017 3635 actio
2055 3580 2333 3636 referenda
2376 3582 2474 3644 sit,
2522 3583 2748 3637 mlwm
2792 3599 2920 3637 vero

578 3666 682 3703 non
718 3650 823 3704 nisi
857 3649 1074 3704 modum
1110 3649 1327 3710 indicet.
1364 3665 1630 3719 sensuque
1664 3666 1766 3703 non
1805 3648 2021 3704 differat
2056 3665 2090 3704 a
2121 3649 2465 3716 vehementer,
2495 3651 2660 3705 valde
2697 3651 2786 3717 (ef.
2816 3651 2918 3704 im-

615 3718 763 3772 rimis
795 3717 970 3772 Kritz.
1027 3718 1095 3771 ad
1131 3718 1264 3772 Sall.
1302 3718 1420 3772 Cat.
1459 3721 1548 3781 27,
1586 3722 1634 3771 4.
1685 3721 1742 3772 et
1783 3717 1964 3771 Bremi
2012 3715 2082 3770 ad
2124 3717 2260 3785 Nep.
2297 3717 2482 3787 Epam.
2521 3720 2577 3782 6,
2622 3722 2717 3781 1.);
2772 3719 2917 3788 quod

639 3802 758 3839 men
796 3785 1080 3839 discrimen
1152 3791 1303 3839 oEtae
1338 3802 1442 3839 non
1479 3802 1592 3840 sem
1631 3802 1689 3838 er
1732 3788 1950 3838 strenue
1997 3785 2298 3839 observant.
2370 3785 2455 3838 Cf.
2491 3784 2620 3839 Geo.
2658 3787 2735 3840 IV
2746 3827 2760 3849 ,
2798 3790 2916 3841 301.

577 3855 709 3907 Aen.
744 3853 846 3915 111.
893 3856 1010 3907 610.
1058 3803 1172 3919 (ubi
1208 3853 1313 3906 vid.
1353 3852 1543 3909 'Phiela
1674 3893 1686 3913 .
1725 3857 1843 3907 390.
1885 3851 2008 3913 VII,
2047 3855 2164 3906 593.
2211 3851 2305 3911 IX.
2346 3856 2429 3908 29.
2478 3853 2603 3917 XII,
2642 3858 2758 3910 402.
2797 3858 2914 3909 506.

579 3924 682 3974 etc.
754 3922 1008 3975 Ceterum
1045 3921 1278 3989 respexit
1312 3920 1454 3975 hunc
1488 3921 1662 3974 locum
1697 3922 1859 3991 poeta
1895 3918 2058 3973 Anth.
2095 3918 2218 3974 Lat.
2256 3920 2440 3975 Burin.
2476 3920 2580 3983 III,
2609 3925 2690 3985 81,
2722 3926 2815 3976 108
2834 3940 2915 3993 sq.

579 3987 766 4043 Multa
800 4006 1013 4055 ‚vemens
1036 4018 1060 4029 -
1088 4019 1108 4028 -
1127 3988 1437 4059 playa-sque
1471 3989 1694 4058 superbi
1720 3989 1963 4043 Victoris
1996 3993 2096 4042 etc.
2138 4018 2201 4025 —-
2239 3984 2370 4047 227.
2405 3989 2564 4043 Hunc
2586 3990 2762 4043 locum
2789 3998 2917 4045 ante

579 4056 758 4110 oculos
792 4056 959 4110 fuisse
993 4055 1173 4111 Valer.
1197 4055 1390 4110 Flacco
1422 4055 1496 4121 11,
1524 4059 1621 4110 548
1642 4073 1721 4126 sq.
1759 4059 1972 4117 (taurus
2011 4057 2180 4111 victor
2215 4056 2329 4122 ubi)
2362 4056 2555 4111 revisit
2576 4057 2656 4111 Et
2668 4060 2919 4127 patrium

579 4141 787 4191 uernae,
828 4131 881 4178 et
914 4123 1055 4177 bello
1090 4143 1228 4193 quos
1260 4125 1406 4178 ultzw
1440 4141 1678 4190 amores,
1731 4125 1840 4178 iam
1888 4123 2063 4178 Cerda
2106 4124 2307 4178 docuit.
2343 4155 2411 4165 —
2465 4121 2599 4186 228.
2647 4128 2919 4181 stabula

579 4194 1011 4263 adspectans,
1050 4192 1362 4262 respiciens,
1399 4197 1712 4262 retorquens
1746 4191 1929 4247 oculos
1963 4191 2034 4245 ad
2070 4191 2302 4254 stabula,
2340 4208 2476 4261 quae
2517 4194 2716 4248 invitus
2750 4194 2915 4250 relin-

615 4260 714 4315 uit.
753 4289 822 4298 —
856 4260 1085 4325 requio
1120 4261 1404 4315 excessit
1439 4261 1667 4327 avitis,
1705 4262 1768 4313 ut
1801 4277 1894 4315 rex
1932 4276 1996 4314 ex
2028 4276 2193 4327 regno
2230 4276 2325 4314 suo
2362 4261 2549 4329 fugere
2589 4266 2821 4319 coactus.
2846 4294 2913 4303 —-

579 4278 732 4394 Quod
768 4326 969 4382 attinet
1001 4327 1071 4381 ad
1107 4329 1459 4383 mutationem
1494 4329 1605 4382 tem
1675 4328 1749 4381 ris
1785 4329 2069 4382 excessit
2094 4358 2116 4369 -
2150 4358 2174 4369 -
2200 4337 2484 4397 exercet,
2522 4330 2913 4385 observandum

580 4400 677 4453 est.
717 4411 876 4464 saepe
909 4395 966 4448 in
1005 4398 1310 4451 narratione
1346 4411 1582 4465 exponen
1621 4413 1654 4449 a
1688 4394 1995 4450 Perfectum
2029 4395 2111 4451 ita
2147 4396 2216 4451 ad
2248 4396 2525 4459 Praesens,
2563 4398 2704 4467 quod
2737 4415 2795 4452 se
2832 4398 2915 4452 ui·

579 4466 684 4521 tur.
722 4462 928 4517 referri.
1000 4462 1086 4516 Cf.
1123 4463 1251 4518 Aen.
1289 4464 1364 4521 11.
1399 4466 1517 4519 465.
1553 4466 1647 4518 481
1695 4480 1720 4516 s
1760 4481 1808 4533 q.
1860 4464 1956 4529 IV,
1997 4467 2280 4519 220-222.
2331 4464 2423 4525 VI,
2460 4467 2578 4520 476.
2630 4465 2758 4527 VII,
2796 4416 2914 4521 321.

580 4529 730 4610 VIII,
768 4533 883 4582 506.
931 4529 1025 4591 IX.
1064 4532 1178 4583 432.
1230 4531 1297 4591 Χ,
1335 4534 1451 4585 451.
1491 4534 1606 4585 659.
1651 4480 1772 4595 xfl,
1812 4533 1931 4586 380.
1971 4532 2027 4586 et
2059 4533 2249 4601 Wagn.
2291 4532 2388 4598 Qu.
2425 4531 2489 4583 V'
2564 4579 2574 4588 .
2611 4533 2732 4595 Vn,
2774 4538 2822 4589 ’1.
2857 4552 2912 4614 p.

581 4598 700 4647 49ι.
758 4596 905 4649 Cort.
941 4596 1012 4649 ad
1047 4595 1244 4651 Lucan.
1279 4597 1354 4658 11,
1391 4600 1509 4651 328.
1560 4597 1836 4654 Wunderl.
1872 4598 1941 4654 ad
1975 4599 2031 4653 h.
2073 4599 2116 4654 l.
2161 4602 2218 4655 et
2255 4599 2324 4654 ad
2356 4601 2491 4655 Aen.
2637 4605 2756 4656 465.
2799 4601 2911 4657 ahi.
