3616 5026
1485 231 2016 303 GEORGICON
2042 234 2212 302 LIB.
2252 234 2368 302 III.
2977 237 3093 298 411

774 397 953 484 Ergo
997 401 1170 465 omni
1212 422 1370 466 cura
1408 401 1586 467 vires
1629 411 1892 468 exercet
1931 409 1996 467 et
2032 403 2202 468 inter

773 482 964 547 Dura
1007 484 1181 549 iacet
1218 486 1456 584 pernix
1496 488 1771 552 instrato
1816 509 1981 552 saxa
2020 485 2211 551 cubili
3001 493 3102 545 230

775 564 1150 632 Frondibus
1187 567 1452 634 hirsutis
1496 581 1561 635 et
1602 572 1815 636 carice
1854 581 2080 658 pastus
2124 579 2333 652 acuta,

779 648 864 712 Et
904 659 1180 737 temptat
1222 673 1366 718 sese
1408 664 1603 741 atque
1642 656 1841 720 irasci
1882 656 1950 719 in
1995 675 2238 719 cornua
2283 654 2474 720 discit

773 731 1050 798 Arboris
1093 733 1371 801 obnixus
1408 746 1636 802 trunco
1675 748 2030 826 ventosque
2070 737 2330 803 lacessit

773 814 1019 882 Ictibus
1063 827 1128 883 et
1170 841 1406 906 sparsa
1447 821 1533 886 ad
1568 844 1856 910 pugnam
1898 820 2186 909 proludit
2228 821 2491 888 harena.

773 1087 1033 1142 P1aesens
1055 1091 1174 1141 tum
1196 1105 1310 1143 rem
1335 1090 1620 1158 significat,
1657 1105 1793 1160 quae
1828 1091 2074 1153 alteram,
2109 1106 2203 1159 per
2235 1088 2588 1160 praeteritum
2626 1103 2943 1158 expressam,
2981 1103 3104 1140 con-

774 1161 961 1211 secuta
997 1160 1096 1220 est,
1136 1157 1220 1212 vel
1255 1159 1435 1226 potius
1468 1161 1718 1229 consequi
1753 1159 1965 1222 debuit;
2005 1175 2168 1230 quare
2202 1175 2249 1214 v.
2287 1175 2332 1213 c.
2369 1159 2490 1213 Val.
2516 1158 2695 1213 Flacci
2732 1157 2882 1211 locus
2916 1156 2960 1221 1,
2986 1159 3103 1209 610.

774 1229 830 1288 (a
867 1224 1144 1279 Wunderl.
1178 1226 1351 1288 laud.)
1391 1236 1620 1297 portam
1653 1228 1883 1298 Impulit
1918 1228 2300 1300 Hsppotadeet
2332 1230 2591 1297 fimdmzt
2625 1243 2683 1280 se
2718 1242 2936 1279 carcere
2971 1224 3109 1278 laeti

772 1293 853 1346 ita
887 1297 972 1347 est
1010 1294 1381 1362 explicandus:
1420 1298 1635 1364 portam
1669 1295 1886 1366 impulit
1918 1296 2005 1359 H„
2042 1300 2100 1350 et
2136 1297 2215 1349 ita
2249 1312 2304 1350 se
2338 1295 2575 1350 fundunt
2610 1297 2712 1349 etc.
2742 1325 2809 1333 —
2845 1290 2960 1353 229
2985 1309 3102 1373 sqq.

776 1360 1349 1422 „Praestantissimum
1373 1362 1516 1417 hunc
1538 1364 1732 1424 locum,
1772 1367 1837 1418 ut
1869 1363 1977 1418 iam
2012 1363 2215 1418 dudum
2249 1364 2500 1419 viderunt
2534 1363 2597 1416 ln
2701 1403 2713 1415 .
2751 1377 2872 1415 cum
2906 1360 3104 1428 Scahg.

774 1429 927 1483 Poet.
969 1446 1085 1500 cap.
1125 1434 1223 1495 14.,
1266 1431 1469 1484 imitati
1506 1435 1636 1485 sunt
1667 1431 1868 1487 Lucan.
1902 1432 1974 1495 11,
2014 1435 2324 1495 601—607„
2379 1431 2589 1486 Statius
2708 1430 2787 1484 eb.
2826 1429 2900 1491 Π,
2938 1432 3100 1483 323-

774 1501 909 1560 330.,
948 1497 1044 1551 Sil.
1082 1498 1209 1553 Ital.
1245 1498 1389 1556 XVI.
1431 1503 1657 1554 4--10.“
1697 1500 1874 1566 Heyn.
1914 1531 1980 1540 —-
2013 1497 2144 1561 230.
2182 1499 2415 1554 Difficile
2449 1501 2536 1553 est
2569 1498 2720 1560 dedi.
2757 1497 2794 1551 1.
2831 1497 3103 1551 iudicium.

773 1565 1001 1619 Plurimi
1047 1569 1105 1619 et
1143 1566 1333 1636 optimi
1367 1567 1551 1632 Codd.,
1591 1568 1735 1622 Serv.
1782 1568 1851 1622 ad
1886 1568 1940 1621 h.
1975 1569 2014 1621 1.
2053 1573 2110 1622 et
2145 1567 2214 1622 ad
2254 1569 2386 1622 Aen.
2424 1567 2527 1630 XI,
2567 1569 2680 1620 718.
2728 1564 2906 1619 SchoL
2940 1565 3102 1619 Bern.

772 1633 902 1696 (vid.
937 1633 1195 1689 Ribbeck.
1233 1634 1448 1704 Proleg.
1490 1654 1542 1705 p.
1584 1639 1720 1702 197.)
1765 1639 1822 1691 et
1858 1635 2062 1690 Nonius
2146 1679 2158 1690 .
2194 1639 2307 1690 368.
2351 1638 2407 1689 et
2439 1639 2557 1689 444.
2603 1636 2914 1688 constanter
2947 1637 3103 1688 tuen-

772 1704 869 1755 tur
901 1701 1188 1756 lectionem
1219 1704 1439 1772 pernix,
1476 1703 1561 1757 oui
1597 1704 1770 1766 Voss,
1807 1704 1961 1759 Iahn.
1999 1707 2054 1759 et
2133 1705 2144 1716 '
2173 1704 2428 1758 debrand.
2464 1704 2521 1756 in
2540 1702 2715 1757 Iahnii
2748 1701 2963 1756 Annall.
2999 1700 3102 1755 1.1.

774 1786 827 1837 p.
869 1772 962 1823 170
981 1786 1008 1822 s
1050 1811 1063 1822 .
1102 1771 1534 1850 patrocinantur,
1574 1775 1631 1826 et
1665 1789 1825 1842 quam
1858 1772 2135 1827 nobiscum
2169 1774 2483 1841 receperunt
2502 1770 2715 1825 Ladew.
2754 1772 2810 1823 et
2831 1769 3103 1849 Ribbeck„

774 1854 896 1891 cum
932 1854 996 1892 ex
1066 1838 1259 1906 hilarg.
1297 1845 1559 1908 appareat
1585 1857 1799 1910 pernox
1836 1841 2113 1909 antiquam
2147 1840 2302 1894 modo
2328 1840 2685 1894 coniecturam
2710 1855 2824 1893 esse
2861 1838 2949 1902 (cf.
2976 1838 3105 1891 1111)-

773 1905 922 1959 beck.
960 1905 1119 1960 Prole
1162 1948 1174 1960 .
1210 1925 1264 1976 p.
1302 1911 1470 1969 217.);
1507 1924 1599 1962 sex
1631 1908 1786 1963 modo
1822 1907 1991 1962 Codd.
2039 1908 2202 1977 (inter
2245 1925 2376 1978 quos
2399 1907 2630 1967 Palati,
2676 1906 2832 1960 editt.
2873 1906 2996 1960 Ald.
3033 1905 3104 1959 H.

774 1975 831 2026 et
863 1972 965 2027 111.
1006 1976 1062 2028 et
1163 1974 1270 2028 hol.
1305 1975 1488 2030 Iuven.
1529 1976 1678 2040 VIII,
1716 1981 1796 2031 70.
1844 1976 2095 2030 exhibent
2119 1993 2360 2046 pernox,
2443 1975 2550 2029 uod
2587 1973 2857 2040 scaligero
2901 1975 3009 2028 iam
3049 1975 3105 2027 et

771 2041 992 2095 Heinsio
1033 2043 1386 2097 suadentibus
1434 2045 1705 2098 revocavit
1745 2044 1949 2106 Burm.,
2000 2061 2156 2115 quem
2190 2044 2379 2113 Heyn„
2488 2043 2644 2105 akef.,
2682 2042 2871 2111 Wagn,
2920 2043 3104 2107 (etiam

773 2109 828 2162 in
872 2108 1070 2189 Pbilol.
1115 2110 1300 2191 Suppl.
1337 2111 1379 2165 Ι.
1427 2129 1481 2182 p.
1518 2115 1655 2177 372.)
1710 2118 1766 2166 et
1798 2112 1991 2182 reliqui
2035 2113 2264 2168 editores
2298 2111 2615 2191 recentiores
2647 2115 2861 2180 praeter
2893 2110 3103 2165 LadeW.

774 2180 831 2232 et
865 2177 1025 2230 Ribb.
1080 2181 1250 2233 secuti
1296 2183 1440 2233 sunt.
1511 2180 1625 2234 Nos
1669 2181 1724 2234 in
1759 2181 1934 2250 prima
1976 2181 2103 2235 edit.
2147 2186 2203 2235 et
2239 2181 2256 2234 i
2295 2181 2343 2234 si
2375 2195 2674 2248 recepimus
2699 2197 2931 2248 per-noas,
2970 2179 3105 2232 Doe-

776 2244 1094 2299 derleinium
1167 2246 1469 2301 otissimum
1506 2250 1692 2310 secuti,
1729 2249 1822 2317 qui
1855 2248 1910 2302 in
1943 2248 2082 2302 libro
2116 2265 2210 2303 suo
2330 2256 2371 2302 t.
2410 2247 2615 2317 synon.
2650 2266 2703 2300 u.
2727 2247 2907 2314 Etym.
2945 2247 3007 2301 P.
3031 2247 3105 2299 11.

773 2330 824 2382 p.
868 2315 962 2366 127
1000 2330 1080 2383 sq.
1160 2330 1308 2369 ooere
1343 2316 1548 2377 studet,
1579 2318 1779 2387 pernix
1804 2318 1947 2370 iacet
1978 2318 2246 2371 continere
2280 2315 2755 2371 contradictionem
2788 2316 2842 2369 in
2877 2316 3103 2374 adiecto,

772 2381 1987 2507 ffltessffifessfifflfflffieifflffifflff
1989 2383 2575 2507 {i{·‹1¹{“0{3¹¹¹¹¹¹3012i32¹122
2593 2399 2773 2505 Βιῖξὶῗο
2788 2383 3105 2505 Ἂὲἧῖς

775 2521 1086 2572 contextum
1123 2519 1354 2584 venerit,
1397 2537 1615 2590 pernox
1660 2524 1841 2575 autem
1890 2521 2071 2591 paullo
2106 2470 2415 2590 languidius
2449 2521 2721 2581 videatur,
2878 2520 3103 2574 alteram

773 2585 1061 2640 lectionem
1103 2587 1301 2642 reversi
1346 2604 1556 2653 sumne,
1607 2605 1768 2658 quam
1803 2605 1923 2643 cum
1960 2589 2138 2644 Servio
2183 2598 2196 2645 ί
2204 2589 2408 2660 pernix
2441 2588 2555 2642 iure
2590 2604 2624 2642 a
2651 2588 2981 2658 pernitendo
3017 2587 3108 2641 de-

775 2654 1023 2715 ducente)
1069 2655 1307 2724 capimus
1351 2673 1471 2725 pro:
1512 2674 1903 2727 persever-an&
1940 2662 2005 2710 ut
2038 2674 2101 2712 ea
2143 2657 2474 2725 significetur
2509 2656 2754 2726 pertinax
2800 2656 2947 2711 tauri
2989 2672 3109 2709 suc-

775 2721 1041 2776 censentis
1076 2722 1270 2776 victori
1304 2724 1546 2778 studium
1580 2741 1637 2779 se
1669 2724 1977 2787 ulciscendi,
2014 2742 2116 2795 quo
2152 2725 2345 2780 ductus
2369 2725 2509 2778 vires
2534 2723 2603 2778 ad
2627 2740 2823 2778 novum
2846 2724 3108 2805 impetum

775 2789 998 2858 colligit,
1036 2790 1146 2844 alia
1180 2791 1359 2845 omnia
1400 2792 1692 2861 negligens.
1765 2793 2087 2847 Insolentior
2130 2793 2343 2863 quidem
2388 2795 2474 2847 est
2516 2792 2648 2846 haec
2680 2792 2947 2846 Adiectivi
3022 2810 3109 2845 er-

772 2876 869 2911 ..2
903 2858 1633 2982 {stramen
1658 2861 2020 2983 §weit
2085 2860 2997 2996 ...m
3030 2859 3111 2980 ..1.

779 2993 979 3047 Partici
1020 2994 1130 3048 ium
1169 2996 1317 3048 verbi
1351 2996 1664 3062 insternere,
1702 3013 1872 3066 neque
1908 2997 2019 3050 ullo
2057 2997 2162 3051 alio
2195 2997 2310 3051 loco
2345 2996 2613 3065 significet
2642 3014 2753 3051 non
2778 3003 2998 3061 stratus,
3039 2995 3107 3049 ad

774 3060 933 3118 Lucr.
967 3011 1032 3126 θ,
1070 3065 1205 3119 985..
1240 3063 1349 3142 ubi·
1375 3062 1607 3131 legimus
1641 3065 1892 3145 instrata·
1907 3064 2112 3118 cubilia
2132 3067 2371 3145 fronde,
2410 3064 2574 3144 etiam
2612 3064 2663 3119 h.
2702 3063 2740 3118 l.
2779 3065 2869 3145 ‘ita
2916 3063 3109 3117 distin-

776 3129 1050 3193 mendum
1083 3134 1287 3184 censet:
1324 3138 1560 3185 amirato
1595 3150 1735 3185 ama
1766 3132 1940 3185 cubili
1960 3133 2274 3186 Frondibne
2296 3134 2554 3200 hzroeaw;
2591 3140 2643 3186 et
2666 3148 2848 3186 came
2871 3150 2933 3202 p.
2961 3149 3015 3185 α.
3041 3161 3110 3171 -

773 3195 899 3257 231.
935 3214 1156 3264 carex,
1196 3198 1337 3252 iunci
1372 3216 1563 3268 genus.
1633 3200 1713 3254 Cf.
1750 3200 1864 3255 Ecl.
1898 3200 1999 3263 III,
2036 3203 2117 3254 20.
2155 3205 2210 3254 et
2246 3200 2343 3255 Cal
2381 3217 2502 3254 urn.
2538 3200 2646 3261 m,
2686 3204 2766 3255 94.
2817 3207 2979 3253 amata
3015 3217 3107 3253 ca-

773 3267 887 3319 rice
920 3273 1102 3319 teet-113.
1143 3296 1210 3306 ——
1249 3264 1378 3326 232.
1428 3267 1647 3320 irasci
1679 3269 1746 3321 in
1785 3286 2035 3323 cornua
2070 3268 2275 3322 discit
2364 3285 2500 3337 eyn„
2538 3284 2601 3321 ac
2636 3268 2681 3321 si
2719 3267 2855 3322 duae
2894 3270 3108 3322 senten-

773 3334 882 3388 tiae
918 3334 974 3387 in
1008 3349 1171 3387 unam
1208 3336 1459 3390 confusae
1494 3338 1699 3397 essent,
1745 3336 2161 3405 interpretatur:
2205 3337 2440 3391 irascens
2486 3339 2694 3391 exercet
2729 3351 2785 3390 se
2818 3335 2876 3388 in
2911 3351 3110 3390 cornua

773 3417 867 3455 seu
901 3400 971 3455 ad
1007 3417 1262 3489 cornuum
1293 3419 1468 3456 usum.
1529 3403 1760 3487 'Rectius
1795 3406 1977 3483 tamen
2001 3404 2205 3459 Vosss(
2214 3404 2337 3457 coll.
2372 3404 2557 3484 Eurip.
2580 3403 2772 3484 Bacch.
2812 3406 2924 3458 732.
2965 3406 3109 3459 Ταῦ·

773 3473 1121 3617 εεἐ.ῑ;.;ξ
1155 3474 1731 3618 rtf‘ffir‘sssz.
1761 3471 2089 3619 3Γέὦῶ
2118 3472 2413 3594 {⁷335}ss-
2430 3488 3105 3594 .m.:²².3⁰⁷1;³::;ssfw²⁰1...;

772 3606 926 3673 quasi
964 3605 1214 3672 colligere
1250 3622 1304 3659 in
1342 3622 1557 3669 cornua,
1597 3623 1730 3676 quae
1765 3609 1895 3660 sunt
1933 3624 2041 3662 irae
2076 3611 2131 3661 et
2168 3608 2389 3663 ultionis
2424 3608 2725 3662 instrumen
2792 3648 2804 3660 .
2856 3607 3104 3662 Ceterum

772 3673 840 3727 cf.
879 3673 1071 3727 similis
1104 3674 1254 3727 locus
1288 3674 1419 3728 Aen.
1459 3674 1534 3738 X,
1570 3679 1689 3728 455.
1743 3677 2088 3728 meditantem
2132 3676 2192 3728 in
2311 3676 2456 3729 oelia
2493 3684 2729 3729 taurum.
2790 3675 2975 3743 Wagn.
3014 3692 3107 3729 au-

773 3743 900 3804 tem,
938 3743 995 3795 et
1029 3742 1145 3811 ipse
1180 3740 1368 3794 Vossio
1405 3741 1729 3806 adsentiens,
1769 3742 1890 3796 coll.
1930 3743 2107 3798 Bentl.
2144 3743 2211 3797 ad
2338 3744 2434 3797 nil.
2473 3743 2546 3801 Π.
2588 3746 2723 3805 246..
2761 3744 2916 3798 docet
2952 3761 3108 3813 saepe

773 3824 806 3862 a
842 3809 1016 3878 poetis
1054 3809 1354 3863 animorum
1389 3809 1615 3864 affectus
1650 3811 1817 3864 tribui
1856 3811 2033 3875 rebus,
2072 3811 2262 3880 quibus
2305 3812 2387 3865 illi
2425 3814 2652 3865 utantur
2688 3810 2757 3865 ad
2795 3811 3104 3881 explendam

771 3893 924 3932 suam
966 3877 1334 3947 cupiditatem.
1405 3878 1657 3932 Ceterum
1699 3878 1830 3932 haec
1874 3880 2037 3933 verba
2078 3895 2199 3933 cum
2234 3880 2441 3934 duobus
2477 3896 2583 3933 vss.
2625 3896 2682 3933 se
2761 3919 2773 3932 .
2822 3883 2982 3947 poeta
3024 3897 3109 3933 re·-

771 3946 911 4013 petit
941 3947 1076 4000 Aen.
1115 3944 1245 4007 XII,
1288 3949 1383 3999 103
1419 3962 1480 4015 sq
1523 3985 1535 3998 .
1610 3946 1906 4011 Vergilium
1952 3951 2134 4001 autem
2169 3949 2426 4018 expressit
2464 3947 2628 4002 Silius
2764 3988 2776 4000 .
2815 3952 2896 4001 64.
2931 3949 3107 4001 verbis

771 4014 919 4067 torvi
949 4014 1009 4066 in
1044 4030 1256 4067 cornua
1294 4013 1458 4069 tauri.
1564 4013 1635 4067 id.
1686 4015 1850 4068 etiam
1885 4014 2094 4068 adnott.
2133 4014 2203 4069 ad
2236 4017 2369 4070 Aen.
2406 4016 2482 4077 X,
2520 4020 2638 4070 455.
2676 4045 2738 4055 -—
2775 4012 2906 4075 233.
2956 4033 3107 4069 veu-

771 4091 999 4149 cosque
1032 4080 1309 4135 lacessit
1341 4082 1597 4135 Ictibus
1642 4081 1885 4136 Lemario
1920 4082 2131 4136 videtur
2168 4084 2549 4152 gladiatorium
2588 4085 2806 4137 verbum
2843 4084 3109 4137 ventilare

772 4149 1223 4213 circumscribere,
1252 4147 1391 4217 quod
1412 4152 1706 4219 usurpatur
1724 4149 1790 4204 de
1813 4149 2220 4219 gladiatoribus,
2247 4151 2341 4221 qui
2365 4156 2491 4206 ante
2515 4167 2750 4221 pugnam
2774 4151 2971 4220 gladiis
2994 4168 3107 4206 mo-

772 4218 847 4270 tis
881 4220 939 4270 et
972 4217 1189 4271 lusoriis
1224 4217 1424 4271 ictibus
1458 4224 1634 4273 aerem
1670 4217 1927 4272 ferientes
1963 4218 2258 4289 proludunt
2291 4218 2359 4273 ad
2384 4222 2671 4273 certamen.
2742 4218 2916 4283 Quare
2942 4219 3105 4273 etiam

772 4284 971 4339 Seneca
1005 4284 1157 4347 XXI,
1203 4287 1313 4338 1¹8.
1370 4284 1544 4347 Quam
1574 4285 1797 4339 smltum
1833 4295 1926 4353 est,
1961 4305 2081 4340 cum
2114 4287 2328 4356 simenem
2354 4305 2576 4359 pugnae
2608 4289 2901 4357 acceperis,
2937 4289 3107 4341 venti-

773 4353 905 4407 lare.
954 4352 1203 4407 Ceterum
1241 4352 1306 4406 cf.
1345 4353 1537 4407 similis
1572 4353 1723 4408 locus
1755 4354 1887 4410 Aen.
1924 4354 1989 4417 V,
2027 4357 2143 4408 377.
2190 4356 2439 4409 verberat
2470 4356 2665 4408 ictibus
2697 4372 2881 4409 auras.
2918 4385 2984 4392 —-
3022 4358 3110 4409 ml

818 4437 1054 4485 uanam
1107 4420 1437 4489 proludit.
1492 4422 1583 4476 Ita
1626 4422 1791 4475 etiam
1827 4422 1957 4477 Aen.
1992 4421 2127 4483 XII,
2169 4426 2306 4483 106.;
2351 4423 2443 4477 ubi
2488 4426 2670 4477 tamen
2716 4438 2835 4477 cum
2883 4424 3103 4477 nonnuli

765 4438 895 4542 fibri
923 4488 998 4553 (‘?)
1056 4487 1512 4558 Praepositionem
1552 4490 1832 4550 omittant,
1869 4489 2074 4545 Wakef.
2117 4490 2187 4545 ad
2224 4490 2381 4545 Luor.
2417 4491 2492 4551 V,
2531 4493 2646 4544 658.
2694 4493 2750 4545 et
2792 4490 2879 4545 hic
2909 4491 3102 4560 Praep.

773 4558 854 4607 ad
884 4554 1166 4610 delendam
1201 4560 1400 4617 censet,
1436 4573 1549 4611 com
1591 4573 1752 4611 arans
1785 4557 1953 4638 Rutil.
1989 4558 2118 4613 Itin.
2154 4560 2199 4621 1,
2227 4563 2342 4640 257.
2379 4562 2612 4625 (taurus)
2658 4559 2728 4612 Ut
2756 4560 2895 4614 solet
2922 4576 3104 4639 exeus-

772 4624 852 4678 είε
881 4641 1122 4695 proquam
1148 4625 1484 4693 praeludere
1520 4642 1556 4693 9
1610 4625 1718 4692 bis,
1759 4624 1960 4695 sapite
1993 4628 2328 4697 cumr-imao
2363 4644 2576 4681 cornua
2601 4645 2789 4697 prona
2825 4635 2965 4695 ter-tt,
3014 4626 3105 4697 qui
