3616 5026
591 275 704 338 108
1286 272 1355 335 P.
1408 267 1766 334 VERGILI
1816 269 2210 336 MARONIS

581 437 906 523 Incipiant
943 437 1147 503 silvae
1190 459 1336 503 cum
1380 437 1657 523 primum
1705 458 1972 523 surgere
2016 457 2291 526 cumque

583 519 759 585 Rara
848 542 918 586 er
965 523 1230 608 ignaros
1275 529 1494 586 errent
1535 519 1846 585 animalia
1885 522 2142 587 montis.
2855 533 2920 584 40

580 601 755 668 Hinc
823 603 1050 691 apides
1094 603 1389 690 Pyrrhae
1432 605 1654 687 iactos,
1699 605 2012 669 Saturnia
2216 626 2276 685 a,

585 686 1067 772 Caucasiasque
1110 688 1309 751 refert
1349 686 1647 753 volucres
1698 687 2070 776 furtumque
2168 686 2503 754 romethei.

580 922 625 986 1,
661 924 710 984 6,
750 926 832 976 53.
870 954 937 962 -
991 919 1082 983 89.
1131 923 1213 978 ef.
1250 927 1294 977 A
1335 923 1426 977 011.
1464 920 1633 975 Rhod.
1676 922 1721 986 I,
1759 926 1876 976 501.
1939 940 2053 976 sur
2104 939 2209 977 ere
2247 921 2393 979 haud
2435 939 2556 979 raro
2591 924 2656 978 de
2692 924 2854 978 rebus
2892 940 2919 976 e

578 990 730 1045 terra
766 991 1163 1046 enascentibus,
1236 940 1331 1045 Cfp
1358 993 1484 1046 Geo.
1522 990 1566 1052 1,
1600 992 1713 1044 161.
1753 989 1884 1045 Hor.
1920 989 2033 1046 Sat.
2128 1031 2141 1053 ,
2170 994 2218 1050 2,
2251 994 2364 1046 124.
2407 991 2560 1048 Ovid.
2594 992 2726 1046 Met.
2762 992 2810 1054 1,
2836 994 2918 1046 44.

578 1057 700 1118 vn,
741 1060 858 1113 284.
914 1057 1069 1120 vm,
1114 1062 1226 1114 192.
1278 1058 1439 1122 XIII,
1479 1060 1595 1112 891.
1653 1057 1861 1113 Colum.
1896 1058 1971 1118 Π,
2012 1062 2060 1123 8,
2099 1063 2146 1113 5.
2207 1058 2308 1122 VI,
2352 1061 2433 1124 23,
2475 1062 2524 1113 2.
2559 1063 2660 1115 etc.
2700 1091 2766 1101 —
2827 1056 2919 1118 40.

581 1124 767 1179 Rara
809 1125 1127 1195 Coningtoni
1178 1126 1389 1181 videtur
1431 1124 1666 1180 indicare
1679 1167 1692 1186 ,
1742 1126 1999 1181 animalia
2043 1126 2354 1196 paullatim.
2411 1126 2560 1182 aliud
2605 1129 2730 1197 post
2771 1126 2918 1181 aliud

579 1208 693 1248 esse
726 1195 1031 1263 procreata,
1081 1211 1147 1249 ne
1193 1196 1381 1248 statim
1427 1194 1496 1248 ab
1542 1194 1696 1247 initio
1734 1197 1944 1248 montes
1982 1211 2162 1249 eorum
2198 1195 2366 1249 nimia
2399 1195 2703 1317 treguentia
2739 1210 2921 1265 super·

577 1261 821 1315 fluerent.
851 1293 918 1302 —
944 1263 1234 1332 iynaros,
1269 1262 1409 1332 quod
1429 1261 1582 1315 Rom.
1609 1263 1850 1331 praebet.
1888 1278 1924 1315 u
1989 1268 2076 1316 ote
2102 1263 2365 1344 aptiorem
2391 1267 2447 1317 et
2525 1261 2824 1317 fficiliorem
2842 1262 2920 1317 le·

577 1329 806 1383 ctionem
849 1345 969 1384 cum
1004 1329 1221 1384 Heinsio
1266 1332 1321 1384 et
1355 1330 1545 1396 Wagn.
1592 1328 1826 1399 praetuli
2037 1330 2084 1383 ri
2118 1337 2358 1399 motos,
2417 1346 2553 1401 quae
2595 1329 2752 1384 facile
2787 1346 2821 1384 a
2855 1330 2919 1384 li·

576 1396 768 1451 brariis
803 1396 885 1451 illi
917 1398 1155 1466 potuerit
1191 1398 1470 1452 substitui.
1540 1396 1719 1451 Secuti
1754 1397 1885 1450 sunt
1919 1414 2100 1452 omnes
2123 1398 2443 1452 recentiores
2468 1397 2715 1453 editores.
2761 1397 2919 1466 lyna-

575 1481 671 1518 ros
707 1467 890 1519 autem
926 1466 1096 1519 active
1141 1465 1536 1546 explicandum:
1591 1467 1827 1526 montes,
1880 1465 1970 1535 qui
2014 1466 2270 1520 animalia
2313 1466 2469 1520 modo
2511 1482 2693 1521 recens
2741 1467 2921 1519 creata

576 1535 736 1587 antea
772 1549 875 1586 non
915 1532 1160 1588 viderant
1193 1533 1414 1603 ldeoque
1458 1533 1773 1602 adspectum
1818 1549 2000 1587 eorum
2040 1534 2404 1596 mirabantur3
2450 1550 2558 1588 non
2603 1549 2760 1588 sensu
2797 1549 2921 1603 pas-

575 1600 710 1656 sivo:
749 1600 1005 1681 animalia
1040 1605 1317 1682 pererrant
1352 1604 1559 1655 montes
1595 1600 1698 1654 sibi
1712 1601 1948 1681 ‘ignaros
1985 1615 2048 1664 (s.
2085 1602 2316 1671 ignotos,
2351 1602 2696 1671 incognitos),
2734 1617 2921 1672 quam-

611 1683 1000 1796 W
846 1738 962 1816 ,0,
1033 1673 1120 1790 33
1152 1667 1459 1792 mise
1475 1672 2164 1804 ”sermm-
2189 1669 2809 1816 ,gamem
2762 1735 2831 1791 ..ι
2852 1669 2918 1791 53¹.

572 1802 611 1858 1.
648 1807 705 1859 et
739 1803 806 1858 ad
842 1803 1057 1869 Quinct.
1095 1804 1244 1858 Decl.
1284 1804 1384 1866 VI,
1426 1807 1475 1859 2.
1516 1821 1568 1874 p.
1609 1806 1743 1858 1285
1813 1803 2064 1858 Ceterum
2115 1804 2270 1858 Voss.
2321 1804 2650 1858 animatur
2695 1820 2801 1858 non
2854 1804 2922 1860 de

575 1871 766 1926 bestiis
799 1872 1013 1925 tantum
1028 1913 1040 1932 ‚
1092 1887 1271 1926 verum
1319 1873 1483 1926 etiam
1526 1872 1592 1926 de
1634 1870 1944 1925 hominibus
1987 1887 2169 1926 recens
2207 1872 2401 1926 creatis
2437 1870 2696 1941 intelligit
2709 1914 2721 1935 ,
2779 1871 2920 1942 quod

577 1941 795 2009 propter
829 1939 1109 2008 sequentia
1141 1941 1319 1993 minus
1391 1939 1647 1994 robabile.
1717 1939 1799 1994 Cf.
1841 1939 2006 1994 etiam
2042 1940 2368 2009 Conington,
2410 1940 2503 2009 qui
2537 1943 2697 2009 putat
2732 1944 2921 2009 poetae

575 2009 700 2062 ante
737 2006 920 2061 oculos
955 2007 1121 2061 fuisse
1155 2007 1312 2061 Lucr.
1378 2008 1415 2063 '.
1454 2010 1573 2061 822.
1647 2007 2118 2062 Ταντα--αηίωαῑ
2149 2024 2332 2079 prope
2367 2015 2514 2062 coi-to
2554 2015 2792 2077 tempore
2813 2012 2919 2078 fu·

575 2075 659 2128 dit
692 2074 860 2128 Omne
916 2077 1071 2145 quod
1105 2075 1166 2128 in
1202 2076 1417 2143 maym's
1449 2077 1746 2129 bacchatur
1779 2076 2050 2128 montibus
2123 2074 2293 2129 assim
2336 2078 2393 2129 et
2429 2078 2640 2129 montes
2674 2075 2921 2130 naturale

571 2142 807 2197 ferarum
851 2116 1179 2197 domicilium
1223 2159 1338 2196 esse
1383 2144 1581 2211 probat
1613 2142 1744 2196 locis
1779 2142 1941 2223 Soph.
1975 2092 2121 2197 Antp
2144 2146 2259 2197 550.
2320 2142 2476 2223 I3ucr.
2512 2142 2557 2204 1,
2596 2146 2713 2197 404.
2750 2144 2807 2197 et
2844 2143 2919 2204 11.

577 2213 724 2265 1081.
765 2211 1128 2278 (montivayae
1161 2213 1362 2277 ferae.)
1401 2243 1467 2251 —
1527 2208 1617 2269 41.
1668 2210 1997 2274 „Hominum
2042 2211 2301 2280 originem
2336 2226 2444 2264 iam
2480 2225 2728 2265 enarrare
2762 2211 2921 2265 debe·

573 2278 694 2332 bat:
731 2277 850 2332 sed.
896 2280 952 2332 et
1036 2279 1258 2333 oeticam
1304 2278 1567 2333 rationem
1612 2280 1669 2332 et
1711 2279 2199 2334 vetustissimorum
2241 2277 2675 2348 philosophorum
2722 2294 2921 2333 morem

575 2349 816 2407 secutus,
853 2345 985 2400 fabu
1029 2365 1055 2398 s
1091 2362 1209 2400 eam
1253 2345 1551 2400 involutam
1588 2362 1616 2401 e
1688 2346 1817 2401 onit.
1888 2346 2171 2401 Delectare
2205 2347 2347 2400 enim
2389 2347 2695 2401 narratione
2729 2362 2922 2416 pueros

576 2415 633 2467 et
677 2413 880 2483 Aeglen
960 2414 1160 2468 uellam
1203 2414 1581 2469 instituerat.“
1618 2363 1739 2467 ¹‘gie
1790 2415 1903 2468 fere
1949 2414 2125 2483 Heyn.
2170 2447 2234 2455 —-
2298 2412 2568 2484 lapides
2625 2414 2924 2482 Pyrrhae

576 2482 805 2562 factos:
943 2483 965 2535 ”.
1008 2481 1254 2552 Apollod.
1289 2482 1342 2547 1,
1383 2486 1429 2548 7,
1468 2485 1516 2536 2.
1583 2481 1829 2563 Apollon.
1867 2481 1966 2546 ΠΙ,
2014 2484 2160 2537 1087.
2222 2481 2379 2537 Ovid.
2417 2482 2551 2538 Met.
2584 2480 2629 2543 1,
2668 2484 2766 2536 313
2800 2498 2919 2604 Bw·

575 2554 1180 2698 35121323112⁸0zsff¹2⁸53⁴s¹
1191 2551 1759 2689 πφδ...
1783 2550 2157 2672 ,232⁶stss
2196 2549 2808 2687 ffizfflszdfflsssssffl·
2827 2550 2922 2672 ..ὲ

573 2702 628 2745 ιιι
664 2685 766 2738 tah
800 2687 1198 2741 enumeratione
1235 2686 1473 2741 ordinem
1512 2690 1813 2756 temporum
1860 2702 2073 2741 servare
2109 2702 2326 2741 necesse
2358 2701 2463 2745 mn
2505 2688 2680 2740 erat.“
2741 2686 2919 2756 Heyn.

571 2752 683 2807 Nec
725 2752 1003 2823 pedestres
1052 2754 1338 2824 scriptores
1373 2754 1426 2808 in
1476 2754 1637 2808 factis
1682 2754 1918 2808 breviter
1964 2753 2337 2808 enumerandis
2385 2753 2624 2807 ordinem
2670 2756 2921 2808 accurate

571 2836 811 2875 servasse
851 2820 1043 2875 docent
1077 2821 1273 2876 Wund.
1311 2824 1366 2877 et
1402 2821 1602 2891 Spohn.
1641 2821 1786 2875 «coll.
1829 2821 1955 2874 Tac.
1996 2822 2133 2875 Ann.
2175 2821 2219 2877 1.
2261 2825 2340 2875 10.
2377 2822 2674 2875 Antonium
2714 2822 2921 2875 Taren·

571 2889 685 2941 tino
720 2889 1065 2944 Brundisino
1162 2930 1167 2935 .
1195 2891 1429 2958 foedere
1464 2898 1515 2942 et
1549 2890 1755 2960 nuptiis
1789 2890 2006 2943 sororis
2040 2890 2299 2952 aleman,
2351 2888 2522 2942 eiusd.
2568 2887 2713 2942 Hist.
2750 2889 2794 2952 1,
2834 2893 2918 2944 50.

569 2956 951 3019 Pharsaliam,
1011 2907 1170 3012 pm
1248 2974 1332 3013 os.
1376 2957 1662 3012 Perusia-m
1677 2999 1689 3017 ‚
1738 2957 2058 3019 Mutina-ml,
2119 2956 2281 3010 Wolf.
2322 2956 2392 3010 ad
2429 2955 2578 3011 Suet.
2617 2957 2771 3010 Caes·
2811 2960 2920 3015 44.)

569 3024 714 3095 Lips.
740 3022 809 3078 ad
835 3025 959 3079 Tac.
984 3024 1123 3078 Anu.
1178 3066 1189 3077 .
1242 3066 1254 3078 .
1291 3024 1570 3080 Wunderl.
1597 3024 1756 3079 Obss.
1797 3024 1870 3079 ad
1891 3024 2091 3078 Tibull.
2121 3024 2165 3086 1,
2195 3028 2243 3088 3,
2263 3026 2348 3077 47.
2399 3023 2485 3077 Cf.
2516 3023 2682 3089 etiam
2708 3023 2917 3078 adnott.

569 3092 638 3147 ad
674 3093 807 3146 Aen.
846 3091 913 3151 X,
939 3096 1005 3145 36
1029 3109 1143 3163 sqq.
1183 3095 1432 3148 Ceterum
1456 3093 1650 3161 Wagn.
1690 3093 1744 3146 in
1781 3091 1882 3145 hoc
1920 3108 2079 3147 versu
2119 3095 2320 3147 temere
2353 3091 2545 3155 haesit,
2586 3107 2759 3161 quem,
2799 3107 2920 3146 cum

568 3160 731 3214 verba
766 3159 1035 3213 Saturnia
1070 3176 1256 3229 reyna,
1295 3160 1450 3215 nulla
1489 3161 1680 3230 copula
1714 3176 1747 3213 a
1784 3160 2118 3230 praegressis
2154 3160 2450 3221 disiuncta,
2497 3175 2557 3214 ex
2591 3174 2692 3213 usu
2730 3158 2921 3228 Vergi-

566 3228 712 3283 liano
747 3227 1098 3297 appositionis
1140 3229 1256 3282 loco
1290 3228 1357 3282 ad
1393 3227 1601 3298 lapides
1641 3243 1673 3281 a
1708 3227 1921 3296 Pyrrha
1955 3229 2125 3282 iactos
2157 3227 2479 3297 pertinentis
2512 3226 2759 3282 habenda
2792 3229 2919 3291 sint,

570 3298 879 3364 corruptum
909 3298 964 3349 et
985 3296 1289 3350 coniectura
1314 3295 1701 3350 emendandum
1729 3298 1928 3359 censet,
1971 3297 2036 3349 ut
2069 3299 2166 3349 aut
2197 3296 2418 3347 Titania
2452 3311 2623 3359 rsqna
2660 3295 2717 3353 (i.
2744 3311 2791 3349 e.
2827 3294 2922 3348 ho-

569 3364 741 3417 mines
777 3378 839 3417 ex
872 3362 995 3416 istis
1033 3363 1322 3433 lapidibus,
1366 3380 1498 3432 quos
1536 3363 1773 3418 iecerant
1805 3362 2096 3417 Deucalion
2133 3366 2190 3416 et
2221 3361 2456 3484 {gri-ha.
2498 3350 2711 3416 Titania
2782 3362 2922 3417 roles

569 3434 814 3501 utraque.
854 3435 1047 3489 ortos).
1092 3434 1190 3485 aut
1226 3430 1603 3501 Saturnjaque
1636 3447 1807 3500 reqna
1847 3431 1939 3484 (cf.
1981 3429 2193 3484 adnott.
2335 3432 2468 3484 Aen.
2504 3430 2556 3493 I,
2594 3432 2644 3483 2.
2790 3448 2837 3484 ο.
2874 3432 2920 3495 Ι,

572 3502 689 3554 397.
747 3498 849 3562 Π,
889 3501 1008 3552 243.
1044 3503 1172 3557 etc.)
1219 3498 1482 3563 legamus.
1554 3498 1627 3552 Et
1659 3514 1812 3563 sane,
1864 3498 1911 3552 si
1991 3513 2063 3551 ua
2111 3513 2243 3578 opus
2288 3502 2432 3552 esset
2463 3496 2742 3561 medicina,
2783 3498 2922 3553 hanc

571 3565 822 3621 leniorem
880 3566 1205 3635 praeferrem
1259 3566 1340 3620 illi
1402 3567 1539 3620 satis
1598 3565 1881 3621 violentae.
2115 3564 2250 3619 mhi]
2311 3566 2524 3619 omnino
2582 3567 2920 3630 mutandum,

571 3634 805 3688 omnium
844 3635 1060 3688 minime
1096 3640 1277 3688 autem
1314 3634 1489 3689 audax
1512 3633 1778 3688 Kalmusii
1817 3638 1892 3704 (p.
1927 3636 2031 3695 13.)
2071 3633 2206 3687 coni.
2250 3634 2404 3702 fatis
2434 3651 2580 3687 nova
2600 3648 2771 3699 remia
2807 3651 2920 3688 am-

606 3700 853 3757 lectenda
888 3705 999 3756 est:
1057 3703 1219 3756 immo
1254 3700 1340 3755 hic
1375 3701 1552 3761 locus.
1606 3702 1745 3772 quod
1786 3702 1894 3756 iam
1932 3700 2087 3756 Iahn.
2124 3700 2419 3771 perspexit,
2457 3716 2563 3755 non
2598 3699 2759 3755 aliter
2798 3718 2921 3756 con-

595 3773 835 3823 ormatus
875 3773 974 3830 est,
1012 3772 1175 3839 atque
1213 3770 1340 3824 Geo.
1379 3771 1423 3825 1.
1468 3772 1580 3824 138.
1641 3769 1939 3832 Pleiadas,
1980 3769 2244 3838 Hyadas,
2290 3770 2605 3838 claramque
2642 3769 2926 3838 Lycaonis

570 3838 797 3901 Arcton,
833 3838 964 3891 Aen.
1006 3837 1099 3893 lx.
1137 3841 1253 3891 270.
1301 3838 1482 3908 ipsum
1515 3838 1697 3900 illum,
1739 3840 2005 3908 clweum,
2041 3836 2343 3906 cristaque
2377 3838 2619 3892 rubeum
2656 3838 2920 3908 excipioen

571 3908 626 3958 et
660 3904 767 3967 alii,
807 3905 902 3985 ubi
936 3922 997 3958 ex
1030 3905 1208 3959 tribus
1244 3907 1404 3959 rebus
1441 3906 1738 3960 coniunctis
1776 3906 1975 3986 tertiae
2011 3908 2229 3960 tantum
2270 3920 2329 3958 co
2366 3903 2461 3959 ula
2497 3902 2741 3984 additur:
2796 3922 2918 3959 nam

556 3971 1532 4095 ,23¹ffmfflsst2333233‘3'522322‘13322
1557 3973 1859 4095 οῗῖῖἀωέω
1811 3975 2328 4094 ”’;,.,ιῗῒ.ὶ“.ῗ.“ῃῖῗῗω
2354 3974 2918 4119 οῗὶἕιᾚὲἓέάῗῃᾞῖ

571 4109 648 4163 De
692 4107 1079 4162 Prometheo
1116 4112 1322 4172 autem,
1371 4109 1456 4178 qui
1504 4110 1683 4179 ignem
1730 4109 1843 4163 Iovi
1884 4109 2100 4163 furatus
2135 4107 2359 4162 dederat
2396 4106 2724 4170 homimbus,
2781 4108 2922 4163 Iovis

569 4176 718 4229 iussu
764 4176 817 4229 in
858 4175 1106 4229 &vacam
1149 4179 1329 4229 monte
1376 4178 1497 4248 rupi
1546 4176 1642 4230 alli
1715 4182 1772 4229 to
1822 4179 1876 4231 et
1922 4192 1956 4230 a
2001 4175 2216 4229 vult-ure.
2268 4175 2503 4230 cruciato
2547 4173 2709 4239 (unde
2744 4180 2920 4245 poeta,

570 4242 772 4297 Plurali
813 4259 910 4312 pro
948 4242 1221 4313 Singulari
1260 4245 1436 4312 posito
1477 4244 1565 4314 [cf.
1604 4260 1638 4298 a
1676 4250 1788 4297 not.
1827 4243 1896 4298 ad
1936 4244 2049 4298 Ecl.
2087 4244 2132 4306 1,
2170 4243 2276 4313 52]
2315 4240 2681 4298 Caucasias
2734 4245 2924 4298 volu-

571 4328 713 4365 cres
747 4312 1152 4366 commemorat:
1191 4327 1294 4365 non
1331 4312 1471 4365 enim
1513 4328 1633 4366 cum
1660 4313 1892 4366 Ameisio
1921 4311 2066 4387 Spic.
2106 4329 2160 4434 q.
2203 4315 2283 4366 13.
2322 4313 2472 4380 puto,
2510 4310 2753 4366 hausisse
2790 4311 2922 4367 haec

570 4382 783 4499 metam
823 4396 886 4432 ex
919 4379 1260 4449 imaginibus.
1303 4380 1358 4432 in
1395 4379 1588 4450 quibus
1622 4396 1745 4433 vere
1789 4380 1927 4433 duae
1962 4380 2047 4433 vel
2088 4396 2123 4449 p
2145 4396 2269 4434 ures
2304 4378 2516 4447 aquilae
2556 4382 2921 4448 repraesenta-

695 4446 920 4511 fuerint)
965 4447 1034 4500 cf.
1074 4447 1203 4501 Hes.
1243 4445 1440 4517 Theog.
1480 4452 1571 4502 521
1614 4465 1640 4500 s
1681 4466 1729 4517 q.
1781 4446 1970 4500 Aesch.
2005 4447 2186 4501 Prom.
2226 4447 2457 4500 vinctus.
2505 4447 2645 4514 Hyg.
2683 4447 2796 4501 fab.
2835 4452 2918 4501 54.

571 4514 627 4564 et
664 4516 776 4592 143.
837 4515 1084 4584 Apollon.
1121 4514 1193 4570 Π.
1236 4518 1382 4569 1253.
1428 4516 1608 4586 ibique
1642 4465 1821 4570 gehol.
1896 4516 2146 4595 Ceterum
2187 4514 2442 4594 Ribbeclt.
2492 4530 2520 4596 e
2556 4512 2724 4568 Codd.
2763 4515 2919 4598 Bern..

570 4581 1043 4702 {semeis
1070 4581 1414 4705 fflfs·
1449 4581 1874 4704 ssffwffl
1912 4582 2279 4705 13¹st
2288 4597 2552 4704 usse
2563 4581 2919 4711 fflzzr‘ffi‘:
