3616 5026
610 232 727 295 386
1306 225 1380 290 P.
1423 223 1792 290 VERGILI
1833 223 2232 290 MARONIS

612 389 916 456 Caesaris
962 400 1027 455 et
1070 411 1306 455 nomen
1347 390 1526 456 fama
1565 398 1666 453 tot
1705 388 1879 454 ferre
1915 412 2035 477 per
2077 411 2302 473 annos,

613 471 874 538 Tithoni
917 475 1130 561 prima
1217 482 1331 539 uot
1371 471 1559 539 abest
1597 470 1682 536 ab
1726 474 1980 559 origine
2021 473 2288 539 Caesar.

775 556 904 622 Seu
948 557 1091 644 quis
1137 554 1195 620 O
1221 558 1569 644 ympiacae
1611 556 1885 620 miratus
1930 558 2227 644 praemia
2272 555 2533 643 palmae

609 639 832 704 Pascit
874 661 1072 725 equos
1117 661 1228 704 seu
1271 642 1414 728 quis
1455 639 1643 704 fortis
1687 637 1773 703 ad
1821 651 2044 704 aratra
2085 641 2412 723 iuvencoS,
2876 649 2945 698 50

614 722 906 810 Corpora
948 724 1299 809 praecipue
1342 733 1622 787 matrum
1669 722 1865 807 legat.
1951 722 2238 810 Optuma
2279 731 2507 788 torvae
2605 756 2610 760 ’

611 805 854 872 Forma
895 805 1103 888 boviS,
1150 808 1252 871 cui
1295 817 1488 893 turpe
1530 817 1744 893 caput,
1787 806 1891 870 cui
1934 805 2227 893 plurima.
2257 807 2502 889 cervix,

613 888 701 953 Et
748 912 1007 956 crurum
1050 902 1234 955 tenus
1281 911 1322 955 a
1362 901 1576 955 mento
1619 888 1912 977 palearia
1955 889 2270 976 pendent3

607 1106 745 1160 roico
782 1104 1132 1161 Octavianum
1180 1108 1356 1177 ipsum
1399 1106 1732 1162 celebraturo
1767 1107 1856 1171 (cf.
1896 1106 2147 1162 Ribbeck.
2183 1106 2397 1176 Proleg.
2433 1124 2486 1175 p.
2523 1107 2657 1170 45.),
2693 1106 2751 1158 in
2784 1104 2947 1159 dubio

605 1173 1000 1254 relinquamus·
1057 1174 1253 1229 Tittler
1288 1174 1476 1295 Proffr.
1507 1192 1567 1294 p.
1609 1178 1668 1227 12
1702 1189 1819 1253 sqq.
1882 1174 1979 1228 hos
2043 1191 2228 1229 versus
2291 1173 2581 1229 defendens
2639 1188 2761 1226 cuin
2821 1171 2944 1241 plu-

603 1256 753 1295 rimis
812 1240 1106 1295 editoribus
1158 1258 1262 1296 non
1315 1243 1389 1297 du
1428 1246 1507 1295 ita
1546 1281 1558 1304 ,
1625 1257 1753 1310 quin
1815 1258 1903 1296 eos
1954 1242 2023 1297 ad
2058 1242 2361 1298 Aeneadem
2411 1241 2624 1296 referat.
2695 1239 2942 1294 Ceterum

605 1308 704 1361 hos
727 1311 840 1362 tres
868 1324 1075 1372 versus,
1111 1312 1345 1370 46-48..
1384 1310 1634 1379 quoniam
1655 1310 1843 1364 abesse
1880 1313 2148 1380 poterant,
2185 1327 2281 1381 pro
2318 1310 2513 1379 spuriis
2551 1307 2741 1362 habuit
2762 1306 2945 1361 Hand.

603 1376 669 1430 A.
707 1374 767 1430 P.
814 1379 892 1430 16.
933 1378 1001 1431 ab
1037 1377 1222 1431 Iahnio
1257 1377 1488 1440 allatus,
1546 1379 1710 1446 atque
1753 1378 1919 1431 etiam
1954 1377 2165 1433 Peerlk.
2188 1394 2252 1499 lp.
2293 1381 2407 1432 232.
2448 1394 2536 1432 eos
2572 1375 2780 1446 spurios
2823 1390 2945 1429 cen-

601 1446 712 1508 set,
775 1460 906 1513 quos
968 1448 1151 1499 tamen
1205 1445 1342 1514 legit
1375 1444 1589 1499 Nemes.
1630 1444 1831 1513 Cyneg.
1868 1450 1948 1499 63.
1996 1445 2139 1500 hunc
2210 1461 2363 1500 ocum
2399 1446 2475 1500 sic
2504 1444 2776 1498 imitatus:
2817 1460 2944 1496 mox

602 1518 809 1565 vestros
856 1514 1082 1567 meliore
1131 1511 1259 1583 hyra
1309 1529 1612 1566 memorare
1661 1513 1968 1582 triumphos
2016 1514 2310 1582 Accinqar.
2395 1511 2806 1566 Animadvertas
2850 1526 2946 1564 au-

600 1580 714 1633 tem
751 1579 1148 1634 insolentiorem
1196 1579 1346 1635 verbi
1384 1581 1536 1634 acci
1541 1596 1705 1648 nqen
1715 1582 1759 1634 d
1765 1582 1789 1633 i
1826 1582 2277 1635 constructionem
2314 1597 2436 1634 cuin
2469 1579 2758 1634 Infinitivo.
2815 1577 2939 1632 vid.

599 1645 806 1701 adnott.
866 1647 937 1702 ad
995 1649 1123 1702 Aen.
1181 1647 1256 1710 V,
1300 1650 1417 1701 485.
1480 1679 1546 1687 —-
1605 1645 1698 1706 47.
1776 1647 2087 1701 Caesaris
2147 1664 2339 1703 nomen
2398 1664 2519 1701 cum
2570 1646 2829 1717 singulari
2887 1646 2943 1699 vi

599 1714 657 1767 in
696 1714 953 1794 principio
995 1731 1180 1770 versus
1229 1716 1551 1837 posituigzlo
1551 1714 2001 1784 quemadmodum
2042 1716 2185 1796 apud
2231 1716 2359 1770 Hor.
2402 1714 2571 1795 Epist.
2628 1715 2821 1841 14813,
2838 1716 2944 1832 21'8.

601 1778 1081 1903 2⁰1.'“0”..²²:.';“².t1.m⁹““⁶
1107 1801 1424 1918 5⁰⁸3&ss
1459 1800 1905 1920 1121125'32193'13‘52
1926 1782 2227 1905 ”²⁰23ss
2227 1785 2453 1905 mmm-3⁸.
2467 1850 2608 1904 enim
2639 1820 2827 1902 Ἠὼς
2846 1799 2941 1902 213.

599 1915 1811 2055 ἓξὲξὲὲωέἐὲᾚῗῗωᾞξροέᾝζῗὲὼ
1835 1919 2091 2056 ἓἚῷἷῖ
2122 1915 2938 2039 h‘ssepffifflfflfflffloffi

597 2050 644 2115 1,
681 2053 799 2104 447.
837 2026 1059 2106 dictum.
1133 2052 1406 2107 Tithoni
1456 2057 1638 2107 autem
1672 2054 1898 2123 prima
1943 2056 2024 2107 ab
2070 2054 2331 2121 origine
2377 2051 2513 2106 nihil
2549 2050 2694 2105 aliud
2730 2051 2861 2105 nisi:
2907 2066 2941 2105 a

600 2116 844 2172 Tithono.
896 2119 982 2174 Sic
1002 2118 1156 2175 Ovid.
1180 2120 1310 2175 Met.
1347 2119 1438 2180 IV.
1462 2124 1577 2174 213.
1617 2140 1654 2174 a
1680 2121 1866 2191 prisci
1885 2121 2096 2190 oriyine
2116 2120 2250 2174 Beli
2269 2137 2363 2191 pro
2388 2136 2422 2173 a
2444 2118 2590 2174 Belo.
2614 2149 2682 2159 --
2705 2116 2941 2180 49—51.

607 2185 725 2251 „De
760 2185 940 2241 fetura
975 2190 1340 2242 armentorum
1381 2191 1616 2250 acturus,
1657 2204 1939 2242 vaccarum
1977 2206 2009 2241 o
2046 2190 2324 2253 timarum,
2398 2190 2671 2242 uaetauro
2691 2186 2943 2239 submitti

639 2254 827 2317 assint,
864 2258 1022 2308 notas
1058 2272 1306 2310 enarrare
1340 2255 1446 2309 inci
1482 2255 1546 2308 it.
1618 2255 1698 2311 cf.
1735 2255 1894 2311 Varr.
1930 2255 1993 2310 R.
2079 2301 2090 2311 .
2129 2256 2200 2316 11.
2240 2261 2288 2311 5.
2324 2255 2398 2310 Co
2421 2271 2531 2309 uin.
2568 2254 2662 2317 VI,
2694 2258 2739 2308 1.
2776 2259 2833 2308 et
2855 2257 2940 2307 21.

648 2319 812 2374 ailad.
850 2321 944 2386 IV,
990 2325 1068 2385 11,
1106 2329 1155 2376 5.
1186 2322 1327 2377 Plin.
1502 2364 1515 2387 ,
1535 2328 1618 2388 45,
1658 2328 1740 2378 70.
1779 2323 2012 2394 Geopon.
2039 2323 2212 2386 XVII,
2240 2327 2290 2377 2.
2317 2353 2383 2363 —
2406 2324 2940 2392 miratuspraem.

597 2405 659 2458 p.
698 2387 813 2455 OL,
851 2389 901 2444 h.
942 2405 988 2443 e.
1039 2389 1217 2444 studio
1252 2390 1602 2444 certaminum
1641 2390 1963 2445 curulium.“
2006 2391 2183 2461 Heyn.
2253 2391 2326 2444 Co
2368 2391 2379 2403 '
2459 2394 2551 2444 ton
2586 2390 2818 2443 miratus
2856 2406 2946 2443 ex-

640 2453 807 2509 licaiis
841 2472 938 2527 per
981 2456 1291 2512 desiderans
1337 2457 1629 2527 (desto-inq)
1675 2459 1903 2513 conferri
1953 2459 2103 2513 iubet
2137 2458 2263 2513 Hor.
2301 2458 2398 2528 Ep.
2437 2407 2482 2517 1.
2523 2461 2572 2522 6,
2618 2460 2693 2512 18.
2730 2464 2787 2511 et
2823 2457 2938 2510 Sat.

630 2562 644 2585 ‚
678 2527 729 2585 4,
766 2527 848 2578 28.
887 2556 955 2566 -
981 2528 1212 2597 palma
1245 2526 1643 2596 Olympiaca
1676 2526 1943 2595 Wagnero
1987 2527 2200 2581 omnino
2246 2542 2343 2597 pro
2377 2527 2531 2596 signo
2565 2525 2817 2580 victoriae
2852 2542 2941 2594 po-

601 2590 709 2645 sita
740 2591 977 2655 videtur,
1033 2610 1152 2648 cuni
1186 2610 1292 2647 non
1327 2610 1455 2649 vera
1488 2594 1697 2663 palma,
1738 2593 1832 2648 sed
1871 2610 2065 2649 corona
2099 2610 2161 2648 ex
2197 2594 2427 2649 oleastro
2460 2594 2609 2648 facta
2639 2593 2937 2663 praemium

601 2656 1089 2736 Olympionicarum
1122 2662 1312 2721 fuerit;
1349 2661 1442 2717 sed
1479 2679 1539 2716 ex
1572 2661 1721 2716 Plut.
1756 2661 1940 2732 Symp.
1980 2662 2133 2727 VIII,
2170 2666 2220 2726 4,
2261 2666 2307 2717 1.
2352 2663 2380 2716 ἔ
2415 2682 2459 2729 ιη
2503 2660 2556 2714 ‹5’
2595 2661 2846 2728 ἀπορεῖν.
2882 2665 2943 2713 τί

597 2725 812 2805 equore·
848 2732 964 2782 τῶν
998 2727 1236 2797 ἀγώνων
1273 2736 1559 2799 στέφανον
1596 2729 1765 2784 ἄλλον
1805 2727 1973 2790 ἄλλος
2021 2730 2161 2799 ἔχει,
2224 2731 2324 2784 τὸν
2374 2681 2438 2784 gi·
2546 2734 2726 2782 σίνικα
2778 2733 2938 2799 κοινῇ

596 2811 809 2855 παντες
843 2798 1022 2864 (quem
1055 2795 1321 2864 Ladewig.
1360 2797 1572 2853 laudat)
1610 2800 1860 2867 apparet,
1921 2797 2156 2867 palmam
2192 2812 2469 2851 commune
2567 2797 2577 2807 '
2638 2812 2668 2850 e
2701 2795 2937 2849 omnium

596 2860 857 2915 victorum
895 2862 951 2916 in
992 2862 1137 2918 ludis
1216 2864 1474 2917 raemium
1514 2862 1737 2934 ideoque
1781 2865 1948 2919 etiam
1990 2863 2371 2934 Olympionicis
2428 2866 2642 2934 praeter
2686 2878 2935 2917 coronam

594 2927 746 2983 illam
781 2929 1062 2984 tributam.
1135 2935 1152 2991 (
1238 2947 1327 2984 are
1361 2930 1430 2984 W
1541 2971 1553 2984 .
1588 2931 1644 2985 in
1689 2932 1821 2985 min.
1861 2932 1993 2987 edit.
2029 2933 2352 2987 sententiam
2386 2947 2541 2986 suam
2576 2931 2834 3001 corrigit.)
2886 2961 2933 2970 -—

592 2995 684 3056 50.
722 2995 828 3077 Pro
914 2997 1343 3078 accit-Ribbek.
1376 2947 1563 3052 coffi
1597 3001 1859 3063 omnium,
1911 3001 2073 3069 puto,
2118 2999 2284 3054 Codd.
2321 3004 2378 3054 et
2409 2999 2571 3053 Nonii
2605 3015 2659 3068 p.
2695 3002 2812 3063 347,
2851 3000 2935 3052 22.

592 3067 858 3118 auctorita
915 3081 969 3118 ni
1029 3065 1199 3120 edidit
1293 3073 1463 3134 ascet,
1525 3082 1839 3137 comparans
1898 3082 2065 3136 supra
2105 3067 2157 3131 I,
2203 3070 2316 3121 155.
2362 3070 2477 3122 188.
2513 3070 2629 3121 219.
2664 3069 2781 3120 227.
2815 3067 2933 3119 424.

592 3133 710 3185 428.
745 3134 864 3185 446.
901 3136 1017 3186 454.
1055 3137 1169 3187 459.
1208 3084 1291 3197 If
1320 3136 1432 3188 233.
1473 3136 1587 3187 274.
1625 3137 1741 3188 346.
1776 3136 1834 3188 et
1851 3132 1952 3197 ΠΙ,
1981 3138 2060 3189 73.
2129 3134 2234 3189 Sed
2268 3151 2329 3188 ex
2367 3134 2612 3188 omnibus
2651 3132 2737 3187 his
2774 3132 2925 3197 locis,

628 3214 817 3278 uorum
849 3214 990 3253 unus
1024 3200 1194 3263 mod0‚
1216 3200 1260 3263 1,
1277 3204 1415 3263 219..
1453 3205 1636 3254 nostro
1670 3217 1732 3255 ex
1765 3217 1884 3255 asse
1921 3201 2290 3323 responderet,
2328 3218 2432 3255 non
2470 3201 2725 3271 sequitur,
2763 3200 2926 3255 etiam

652 3281 681 3318 c
717 3264 984 3321 Futurum
1058 3267 1322 3322 oriendum
1360 3268 1544 3323 fuisse.
1581 3299 1647 3308 —
1680 3274 1909 3336 fortes
1950 3287 1989 3323 α
2084 3277 2345 3332 aratra,
2405 3286 2476 3323 sc.
2515 3268 2770 3323 vehenda.
2840 3267 2929 3321 Sic

592 3331 666 3386 Pr
734 3336 834 3387 ert.
870 3332 972 3395 111,
1080 3335 1173 3399 (Π,
1218 3340 1318 3403 10),
1358 3339 1404 3390 3.
1429 3336 1620 3404 fortes
1653 3336 1984 3406 adproelia
2017 3344 2242 3391 turmas.
2312 3336 2394 3390 Cf.
2437 3336 2623 3391 Burin.
2666 3335 2735 3390 ad
2769 3333 2925 3390 ovid.

590 3349 741 3455 Ριξξι.
777 3399 847 3463 11,
885 3403 1000 3455 688.
1035 3402 1163 3482 (Vir
1200 3432 1220 3442 ·
1259 3433 1283 3444 -
1320 3404 1492 3468 fortis
1533 3406 1615 3457 ad
1646 3405 1825 3471 ama)
1880 3403 2024 3459 idem
2060 3420 2127 3459 ue
2173 3405 2243 3460 ad
2280 3403 2493 3469 Quinct.
2529 3403 2678 3458 Decl.
2710 3401 2788 3457 IV
2790 3444 2804 3464 ,
2843 3405 2926 3456 22.

592 3465 859 3522 Drakenb.
900 3467 970 3548 mi
1004 3468 1119 3524 ιη.
1153 3470 1274 3537 vn,
1311 3474 1394 3524 40.
1434 3472 1489 3524 et
1522 3470 1734 3525 Ruhnk.
1771 3444 1845 3525 ad'
1879 3471 1998 3526 Ter.
2121 3472 2203 3526 «ir.
2237 3472 2284 3534 1,
2327 3476 2372 3535 ι,
2410 3476 2492 3527 3ο.
2541 3471 2720 3526 verba
2739 3472 2929 3539 form

591 3536 673 3589 ad
704 3543 898 3589 aratra
932 3552 1186 3592 mvemos
1223 3539 1489 3592 iterantur
1531 3539 1600 3591 ab
1650 3539 1925 3594 imitatore
1960 3540 2038 3594 Ve
2108 3540 2121 3553 ⁰
2149 3540 2181 3553 ‘'
2217 3539 2274 3593 in
2308 3539 2474 3595 Anth.
2503 3539 2625 3593 Lat.
2657 3538 2841 3592 Burin.
2878 3537 2923 3595 1.

594 3603 706 3667 178,
746 3605 864 3657 224.
901 3634 956 3643 -
999 3604 1086 3665 51.
1128 3604 1254 3658 Cor
1311 3622 1432 3659 ora
1471 3614 1749 3659 matrum
1782 3622 1903 3660 cum
1948 3623 1981 3677 q
2225 3607 2278 3661 vi
2322 3624 2442 3676 prot
2500 3609 2701 3661 matres
2752 3606 2926 3659 forma

627 3669 866 3724 raeclara
910 3670 1160 3741 insignes.
1231 3624 1312 3727 (11.
1358 3671 1576 3753 adnoth-
1602 3673 1672 3727 ad
1706 3672 1831 3728 Geo.
1870 3674 1961 3738 IV,
1998 3678 2113 3729 475.
2164 3674 2455 3744 Sequentia
2492 3674 2658 3728 verba
2690 3673 2924 3742 respexit

585 3751 830 3858 ...Ἥ
839 3736 1324 3860 Cretaeae&
1354 3740 1483 3861 3553
1502 3744 1935 3862 mim
1923 3749 2082 3862 tm
2112 3749 2281 3862 Ἢ
2440 3739 2923 3864 esitii-..fitz

586 3869 701 3925 Eel.
737 3870 809 3936 Π,
847 3875 928 3926 63.
964 3905 1030 3953 ,-
1066 3870 1158 3933 52.
1195 3883 1429 3944 „turpe
1464 3825 1683 3954 σΡαραε,
1720 3876 1899 3930 fronte
1924 3876 2043 3955 lata
2085 3878 2142 3930 et
2157 3828 2434 3947 ‘'adsssec'tu
2465 3854 2644 3932 minus
2666 3845 2915 3939 iucunda,

586 3954 750 4007 quam
785 3941 1129 4010 augustiore]‚
1163 3946 1227 3995 ut
1259 3957 1441 3996 omnes
1477 3945 1766 4011 scriptores
1798 3942 2009 3998 laudati
2082 3950 2260 4008 ocent;
2315 3946 2457 3999 unde
2500 3950 2556 4000 et
2659 3945 2723 4006 ῦς
2760 3943 2917 4010 εὐρυ-

584 4009 845 4075 μέτωπος
878 4013 935 4061 et
963 4010 1155 4086 'nl-mv
1201 4014 1430 4069 έτωπος.
1500 4010 1619 4088 Nec
1673 4012 1745 4064 ab
1789 4012 2054 4080 adspectu
2087 4014 2317 4066 decoros
2351 3950 2659 4067 Columelff
2682 4011 2916 4091 Apenni-

584 4087 712 4151 num
747 4072 888 4127 alere
923 4075 1127 4129 dixerat
1239 4118 1252 4141 ,
1295 4081 1338 4132 1.
1364 4080 1413 4130 2.
1441 4081 1497 4131 et
1519 4076 1657 4131 Phn.
1679 4077 1830 4139 VIII,
1858 4083 1940 4141 45,
1971 4084 2052 4133 70.
2087 4079 2220 4132 Non
2255 4082 2540 4149 degeneres
2571 4080 2920 4134 &immundi

585 4146 746 4192 ettam
781 4142 957 4195 mium
994 4143 1224 4198 laudato
1261 4147 1538 4215 aclspectv.
1606 4144 1718 4199 Nec
1751 4150 1934 4201 tamen
1968 4147 2148 4217 turpis
2171 4150 2228 4201 et
2258 4166 2488 4217 muyans
2517 4149 2797 4218 propterea
2817 4163 2914 4216 pro

586 4220 890 4275 synonymis
924 4206 1226 4266 babenda.“
1260 4212 1433 4281 Heyn.
1504 4212 1584 4266 Cf.
1623 4213 1788 4267 etiam
1823 4214 1891 4267 ad
1927 4213 2053 4269 Geo.
2091 4213 2185 4276 IV,
2224 4218 2368 4277 395„
2418 4215 2511 4270 ubi
2549 4215 2692 4271 Serv,
2726 4223 2915 4286 tiu-pes

574 4274 789 4341 phocae
823 4274 889 4330 de
923 4279 1289 4346 magnitudine
1316 4279 1590 4349 intelligit.
1631 4313 1696 4321 --
1725 4283 2027 4351 plurima
2059 4284 2310 4352 cervix,
2344 4284 2509 4351 longa
2541 4285 2597 4337 et
2619 4298 2815 4344 crassa,
2853 4283 2906 4337 in

582 4354 685 4460 <1123
729 4341 891 4396 robur
929 4345 1075 4399 tauri
1119 4347 1378 4428 imprimis
1423 4351 1713 4428 spectatur.
1781 4348 1866 4403 Of.
1902 4348 2112 4403 Nemes.
2152 4348 2271 4429 1.·1.
2330 4350 2418 4405 lta
2452 4350 2606 4431 Ovid.
2641 4351 2772 4405 Met.
2810 4349 2908 4415 XI,

580 4470 665 4525 ο..
686 4410 909 4530 m
945 4414 1714 4545 memmiae
1723 4414 1869 4537 Ἢ
1906 4416 2469 4564 {meme
2496 4419 2905 4548 aaran

580 4545 813 4619 tenus..
851 4542 973 4597 Vid.
1008 4545 1211 4601 adnott.
1248 4548 1317 4601 ad
1356 4550 1483 4603 Aen.
1523 4548 1590 4612 X,
1627 4552 1744 4605 210.
1782 4582 1850 4591 -
1871 4552 2211 4629 palearia.
2281 4552 2500 4616 Palen,
2545 4569 2649 4624 quo
2682 4568 2787 4608 non
2820 4551 2906 4607 fa-

582 4603 683 4658 mle
716 4621 818 4658 nisi
854 4623 1071 4663 nmero
1111 4612 1306 4680 plurali
1338 4620 1589 4680 utuntur,
1635 4619 1721 4671 est
1756 4617 1915 4686 pellis
1951 4635 2014 4673 ex
2050 4618 2185 4674 collo
2232 4620 2392 4675 boum
2438 4621 2765 4693 dependens,
2823 4620 2907 4675 ita
