3616 5026
599 189 720 252 298
1303 190 1376 257 Ρ.
1421 189 1786 259 VERGILI
1827 193 2224 264 MARONIS

595 348 743 415 Hoc
783 350 1000 435 faciat,
1042 376 1283 420 vacuos
1325 356 1383 421 si
1424 357 1510 422 sit
1548 357 1802 444 digesta
1845 382 1963 448 per
2002 383 2229 449 agros3

593 432 782 500 Nunc
822 434 992 501 altae
1032 437 1292 503 frondes
1336 447 1402 505 et
1440 442 1607 506 rami
1648 444 1876 508 matris
1915 455 2195 532 opacant
2857 457 2922 507 55

597 516 1057 607 crescentique
1099 519 1391 588 adimunt
1429 522 1596 589 fetus
1638 538 1958 614 uruntque
1998 529 2326 595 ferentem.

590 600 750 683 Iam,
795 624 961 691 quae
991 604 1358 702 ‘seminibus
1397 607 1588 672 iactis
1633 629 1701 672 se
1744 609 2003 676 sustulit
2043 611 2259 695 arbos,

595 683 819 751 Tarda
858 696 1038 751 vemt
1076 689 1237 753 seris
1278 689 1533 755 factura
1573 713 1656 757 ne
1705 692 1918 759 otibus
1965 694 2279 778 umbram,

590 768 922 858 Pomaque
966 768 1047 835 de
1094 784 1362 838 enerant
1403 794 1592 840 sucos
1637 713 1840 841 ozlita
1879 779 2132 864 priores

586 850 679 918 Et
717 854 930 952 turpis
970 875 1078 919 avi
1124 877 1201 920 us
1234 855 1550 1003 praedam
1591 857 1716 923 fert
1756 882 1886 925 uva
1920 884 2230 929 racemos.
2853 871 2919 922 60

756 935 1018 1003 Scilicet
1057 940 1230 1003 omni
1277 961 1354 1004 us
1396 950 1498 1006 est
1537 939 1722 1007 labor
1762 945 2211 1031 inpendendus
2254 955 2319 1012 et
2360 968 2583 1012 omnes

590 1018 937 1105 Cogendae
979 1023 1047 1086 in
1090 1021 1334 1087 sulcum
1378 1044 1458 1088 ac
1501 1023 1704 1090 multa
1747 1028 2044 1095 mercede
2086 1028 2470 1095 domandae.

584 1278 763 1357 Heyn.
805 1306 869 1316 —
902 1275 1181 1342 sterilis,
1219 1292 1294 1330 sc.
1334 1277 1493 1331 arbor
1528 1277 1689 1347 (quod
1709 1277 1892 1332 Subst.
1931 1293 1988 1332 se
2026 1278 2173 1334 uitur
2199 1279 2415 1335 demum
2440 1296 2490 1333 v.
2520 1284 2620 1344 57„
2649 1278 2914 1334 sedcuins

585 1347 730 1399 notio
767 1346 877 1400 iam
911 1344 1354 1399 antecedentibus
1388 1344 1551 1408 inest)
1591 1363 1755 1415 qaae
1785 1345 2000 1415 stirpi
2043 1365 2116 1400 us
2148 1349 2285 1402 exit
2316 1349 2397 1401 ab
2430 1347 2603 1415 imis,
2638 1348 2674 1402 i.
2704 1364 2748 1401 e.
2775 1347 2916 1401 stolo

584 1429 619 1467 a
652 1412 829 1469 radice
872 1412 1088 1467 maioris
1124 1412 1331 1466 arboris
1364 1411 1655 1482 pullulans.
1694 1412 1817 1467 Vid.
1858 1429 2024 1481 supra
2066 1430 2116 1468 v.
2158 1419 2233 1469 17.
2270 1448 2335 1456 -
2371 1415 2465 1477 54.
2507 1414 2654 1470 Hoc
2692 1416 2918 1481 faciat

582 1497 689 1536 non
722 1498 818 1552 pro
858 1482 943 1535 ter
978 1495 1204 1549 sequens
1239 1480 1315 1534 sit
1347 1485 1475 1560 {qua
1513 1479 1579 1535 de
1618 1497 1675 1536 re
1710 1481 1847 1544 vide,
1885 1496 2021 1560 quae
2054 1482 2108 1535 in
2142 1483 2409 1604 pgiloribus
2437 1483 2593 1537 editt.
2619 1482 2913 1544 adnotavi),

582 1548 674 1603 sed
715 1549 783 1604 ob
895 1548 947 1602 d.
983 1547 1126 1602 Med.
1160 1550 1541 1602 auctoritatem
1576 1555 1595 1615 <
1636 1564 1824 1603 uocum
1861 1564 1922 1602 ex
1956 1548 2155 1604 Ribbec
2196 1551 2226 1564 ‘'
2247 1550 2413 1605 Oodd.
2450 1551 2722 1620 conspirat
2754 1549 2915 1604 Bern.

580 1617 637 1670 b.
656 1632 690 1670 a
724 1633 794 1672 m.
869 1620 939 1678 r.)
967 1632 1071 1697 pro
1106 1614 1252 1684 vulg.
1287 1615 1465 1682 faciet
1491 1619 1582 1686 (qu
1674 1619 1893 1671 servant
1914 1615 2095 1686 Siipfl„
2122 1618 2342 1687 Haupt„
2373 1616 2543 1687 Bryce
2567 1621 2623 1672 et
2644 1618 2916 1686 Coningt.)

581 1700 701 1739 cum
726 1683 831 1739 Rib
868 1684 1033 1747 echo,
1059 1682 1272 1762 Ladew.
1309 1684 1365 1736 et
1385 1683 1573 1752 Wagn.
1610 1684 1665 1736 in
1699 1686 1828 1738 min.
1867 1683 1994 1738 edit.
2030 1700 2171 1738 nunc
2196 1686 2510 1756 recepimus.
2536 1717 2604 1727 -
2629 1687 2911 1752 diaesta,

582 1752 764 1807 ordine
801 1751 886 1806 dis
924 1752 1080 1806 osita.
1114 1750 1233 1805 Vid.
1276 1750 1419 1804 infra
1450 1767 1501 1803 v.
1543 1754 1656 1805 267.
1695 1784 1758 1791 -
1792 1750 1883 1814 55.
1922 1751 2126 1806 Nunc.
2163 1752 2300 1808 Vide
2336 1756 2449 1807 not.
2489 1752 2559 1808 ad
2584 1752 2696 1807 Ecl.
2735 1752 2800 1816 X,
2830 1757 2913 1807 45.

582 1851 648 1861 -
681 1818 772 1881 56.
808 1838 846 1874 a
904 1820 1104 1874 imant
1122 1821 1315 1888 fetus
1349 1826 1677 1888 uruntque
1695 1823 2049 1890 ferentem,
2086 1820 2122 1874 i.
2159 1836 2206 1875 e.
2233 1820 2480 1875 adimunt
2500 1820 2678 1876 arbori
2698 1820 2911 1874 fructus

583 1887 673 1942 (cf.
737 1887 790 1952 1,
854 1891 937 1941 55.
985 1890 1068 1940 75.
1118 1889 1227 1940 195.
1273 1885 1415 1939 infra
1450 1903 1501 1940 v.
1538 1890 1657 1941 429.
1696 1892 1828 1951 etc.,
1917 1901 2203 1957 namquam
2246 1888 2426 1953 Voss.,
2486 1889 2570 1944 cni
2607 1887 2915 1942 adsentitur

580 1954 810 2019 Ladew„
839 1956 998 2024 set-tce
1034 1953 1196 2008 aliter
1228 1953 1483 2022 explicat:
1526 1955 1630 2008 das
1673 1955 1890 2009 Wachst
1927 1972 2043 2020 am,
2083 1957 2185 2009 den
2223 1955 2388 2010 Tricb
2423 1958 2519 2010 dee
2551 1956 2799 2022 Helue),
2837 1955 2915 2009 fe·

581 2025 788 2077 rentem
823 2026 1058 2083 urentes,
1099 2038 1139 2075 s.
1177 2020 1377 2075 urendo
1402 2020 1708 2086 efficientes,
1747 2024 1814 2076 ut
1830 2023 2039 2077 fructus
2065 2023 2203 2078 ferre
2227 2039 2333 2078 non
2355 2023 2546 2104 possit,
2587 2022 2728 2094 quod
2751 2023 2915 2077 etiam

583 2090 761 2145 arbori
805 2089 981 2144 adhuc
1016 2089 1276 2144 crescenti
1319 2091 1499 2158 potest
1542 2090 1804 2145 accidere:
1862 2093 2128 2157 ferentem
2165 2092 2176 2104 '
2222 2090 2329 2145 ‘tur
2363 2108 2401 2145 1.
2441 2108 2493 2162 q.
2529 2091 2740 2145 fructus
2775 2090 2916 2145 ferre

583 2158 848 2213 volentem
885 2158 1038 2238 quasi
1074 2162 1131 2211 et
1169 2160 1469 2210 conantem.
1540 2157 1891 2228 Participium
1937 2161 2119 2211 autem
2160 2108 2469 2213 {praesentis
2511 2174 2604 2228 per
2683 2158 2765 2212 rol
2832 2159 2914 2212 sin

582 2224 657 2280 ali
694 2242 818 2280 uam
853 2228 1018 2280 etiam
1054 2224 1119 2279 de
1153 2227 1347 2278 conatu
1381 2225 1456 2279 rei
1493 2224 1730 2279 nondum
1767 2242 1890 2280 vere
1921 2226 2210 2305 evenientia
2235 2224 2341 2281 dici
2367 2229 2599 2281 constat.
2635 2174 2914 2280 {ideem

583 2293 626 2356 1,
701 2297 785 2348 59.
821 2293 914 2357 IV,
952 2295 1035 2347 22.
1071 2292 1192 2352 VII,
1220 2296 1336 2345 498.
1376 2292 1471 2353 lx,
1509 2295 1626 2348 286.
1665 2296 1782 2347 525.
1822 2296 1925 2348 etc.
1967 2293 2051 2347 cf.
2088 2298 2251 2348 etiam
2321 2310 2422 2348 uae
2452 2292 2671 2348 adGeo.
2709 2294 2754 2350 Ι.
2791 2295 2908 2347 320.

580 2363 636 2416 et
668 2360 810 2415 infra
835 2361 904 2415 ad
940 2376 988 2414 v.
1028 2364 1144 2414 353.
1180 2360 1553 2414 adnotavimus
1589 2376 1698 2414 una
1732 2377 1854 2415 cum
1894 2361 2103 2416 adnott.
2141 2361 2208 2415 ad
2247 2361 2358 2416 Ec.
2395 2361 2488 2424 Ἦ,
2517 2365 2598 2414 20.
2635 2360 2784 2420 vm,
2824 2364 2906 2415 97.

581 2446 774 2483 urere
808 2433 993 2483 autem
1029 2431 1113 2482 est
1147 2442 1363 2481 succum
1402 2427 1713 2482 subducere.
1785 2428 1905 2483 vid.
1944 2427 2154 2482 adnott.
2193 2428 2262 2482 ad
2299 2427 2426 2483 Geo.
2465 2427 2509 2492 1,
2549 2431 2629 2483 77.
2667 2460 2732 2468 -
2768 2427 2911 2489 57—

582 2494 671 2558 62.
707 2495 889 2553 Etiam
927 2512 1065 2566 quae
1099 2496 1298 2550 semine
1333 2495 1473 2549 iacto
1509 2497 2130 2566 procreanturffirboreffi
2190 2495 2345 2552 tarde
2382 2496 2540 2551 modo
2579 2502 2824 2551 crescunt
2858 2497 2916 2551 et

582 2566 926 2636 degenerant,
963 2564 1067 2619 nisi
1101 2567 1287 2634 postea
1323 2563 1600 2618 hominum
1635 2581 1763 2619 cura
1796 2564 2079 2620 inserendo
2114 2565 2396 2619 succurrit.
2450 2564 2533 2618 Cf.
2568 2564 2710 2619 Plin.
2736 2563 2909 2626 XVII,

579 2638 659 2695 10,
703 2636 782 2687 10.
838 2632 1040 2687 Omnia
1074 2632 1209 2685 haec
1234 2631 1418 2697 (viteS,
1457 2632 1629 2695 mala,
1663 2633 1802 2702 pira)
1837 2635 2006 2687 tarda
2032 2640 2303 2704 proventu
2334 2650 2402 2685 ac
2436 2631 2824 2700 deamat-antia
2859 2638 2911 2684 et

575 2701 742 2755 insito
776 2701 1143 2767 resumenda,-
1180 2701 1449 2753 intcrdam
1483 2702 1645 2754 etiam
1677 2708 1975 2755 castaneae.
2016 2732 2081 2740 —
2119 2700 2211 2762 57.
2256 2700 2656 2766 „seminibus
2686 2699 2906 2765 iactis,

576 2785 671 2825 seu
708 2771 907 2824 temere
941 2767 1274 2831 cadentibus,
1316 2783 1410 2821 seu
1445 2783 1607 2822 manu
1644 2768 1830 2831 iactis3
1866 2769 2081 2838 utrique
2115 2768 2256 2820 enim
2271 2783 2370 2836 par
2392 2771 2670 2822 eventus.“
2705 2766 2906 2834 Heyn„

576 2852 803 2907 quocum
839 2835 1003 2891 etiam
1031 2834 1158 2889 Con'
1296 2849 1333 2886 n
1367 2834 1581 2888 videtur
1619 2835 1935 2897 consentire,
1976 2836 2060 2889 cui
2097 2835 2304 2889 semim
2339 2835 2490 2889 iacta
2526 2834 2613 2888 hic
2646 2835 2682 2888 i.
2719 2851 2769 2904 q.
2799 2852 2906 2904 po·

575 2906 741 2960 citrum
774 2920 954 2958 canen
978 2918 1032 2956 v.
1073 2906 1149 2956 14.
1250 2902 1298 2955 ic
1332 2905 1517 2956 tamen
1552 2901 1619 2958 de
1653 2904 1854 2958 semine
1891 2902 2167 2956 hominum
2201 2902 2450 2956 manibus
2483 2903 2626 2956 iacto
2665 2901 2905 2969 cogitan-

575 2971 703 3027 dum
738 2971 966 3026 videtur.
1037 2969 1119 3024 Of.
1168 2986 1233 3023 su
1272 2985 1332 3024 ra
1373 2968 1441 3023 ad
1478 2985 1527 3024 v.
1570 2973 1647 3024 14.
1689 3002 1754 3013 -—-
1788 2970 1879 3031 58.
1935 2970 2160 3025 Tarda
2193 2971 2397 3037 venit,
2448 2985 2544 3039 pro
2582 2969 2745 3031 venit,
2786 2985 2908 3038 pro·

577 3040 784 3105 crescit,
822 3042 886 3093 ut
925 3054 1087 3108 supra
1133 3054 1181 3091 v.
1272 3041 1316 3089 1.
1385 3036 1613 3092 Videtur
1669 3037 1755 3092 hic
1796 3037 1946 3092 locus
1992 3054 2023 3091 o
2128 3038 2267 3091 situs
2315 3053 2430 3091 esse
2467 3053 2517 3090 v,
2554 3040 2634 3091 48.
2677 3039 2825 3091 laeta
2857 3046 2910 3091 et

572 3107 757 3175 fortia
788 3113 1031 3177 mryunt.
1068 3137 1134 3146 —
1167 3106 1339 3157 seris
1373 3106 1739 3176 nepotibus.
1777 3106 1858 3160 Cf.
1888 3105 1998 3159 Ecl.
2116 3146 2129 3167 ‚
2169 3110 2249 3159 50.
2286 3104 2586 3174 Senec.Ep.
2622 3106 2703 3159 86.
2741 3107 2905 3174 atque

576 3177 741 3231 etiam
774 3175 918 3229 infra
954 3191 1005 3228 v.
1047 3176 1160 3226 294.
1229 3172 1458 3227 Ursinus
1497 3173 1632 3227 satis
1669 3174 1802 3227 mire
1837 3180 2060 3244 nepotes
2095 3172 2161 3226 de
2196 3173 2367 3242 ipsius
2392 3172 2602 3227 arboris
2625 3170 2788 3241 pullis
2811 3174 2901 3237 (cf.

576 3260 641 3299 su
679 3259 742 3297 ra
789 3242 856 3296 ad
902 3258 950 3296 v.
1008 3243 1109 3297 17.)
1156 3239 1449 3308 intelh‘git;
1501 3256 1663 3311 qnam
1708 3240 2118 3310 explicationem
2161 3239 2423 3310 quomodo
2462 3239 2650 3294 Mauso
2682 3239 2908 3309 probare

575 3260 831 3383 polt'uerit,
871 3325 978 3362 non
1010 3308 1289 3378 perspicio.
1328 3339 1394 3347 —
1424 3307 1519 3368 59.
1563 3324 1753 3363 sucos
1797 3307 1887 3371 (cf.
1927 3307 2136 3362 adnott.
2174 3307 2244 3361 ad
2279 3307 2394 3361 Ecl.
2433 3307 2541 3369 ΠΙ,
2579 3310 2652 3363 6.)
2692 3305 2909 3360 oblita

622 3379 867 3444 riores,
907 3392 1063 3430 succo
1101 3375 1354 3429 carentia.
1423 3375 1500 3430 Ut
1537 3391 1693 3445 saepe
1727 3391 1761 3429 a
1796 3376 1970 3445 poetis
2004 3375 2073 3429 ad
2109 3391 2195 3430 res
2222 3374 2547 3429 inanimatos
2571 3374 2904 3428 transferun-

570 3397 684 3511 ξω,
757 3461 857 3500 uae
891 3446 1108 3498 tantum
1143 3445 1271 3496 sunt
1304 3443 1685 3507 animantium,
1724 3443 1806 3497 ita
1840 3442 1928 3496 hic
1968 3444 2130 3497 etiam
2167 3442 2377 3496 oblivio.
2436 3441 2557 3495 Vid.
2596 3441 2804 3495 adnott.
2836 3441 2905 3495 ad

576 3513 688 3569 Ecl.
735 3580 747 3593 ·
775 3556 788 3577 ‚
828 3516 911 3566 28.
948 3543 1015 3552 —
1048 3510 1138 3572 60.
1180 3519 1287 3564 tar
1346 3511 1404 3591 iq
1438 3541 1461 3551 -
1501 3541 1522 3550 -
1548 3528 1845 3565 racemos
1888 3510 2057 3580 Heyn.
2104 3510 2364 3590 explicat:
2427 3509 2705 3589 deficiente
2754 3508 2905 3563 cultu

575 3578 1297 3718 ztfflffsszffiff⁸323
1333 3577 2410 3726 ffissssdffoeffugssassvssss.{¹r¹3.”3fflss⁰⁰ffi
2428 3576 2906 3724 ᾙῗέιὲοέῗέἕὲ

577 3733 682 3772 non
724 3718 1065 3793 procreatur-,¹
1107 3713 1248 3783 quod
1285 3716 1465 3768 tamen
1502 3712 1680 3767 adbuc
1717 3731 1770 3767 ιιι
1818 3715 2092 3793 Americae
2134 3713 2326 3767 msuhs
2370 3712 2485 3766 fieri
2529 3710 2685 3791 docet
2730 3712 2903 3833 Heffi.

579 3786 844 3840 Romanos
879 3783 1018 3837 vites
1051 3784 1132 3835 ita
1165 3796 1489 3861 procreasse,
1526 3783 1679 3850 patet
1714 3797 1774 3835 ex
1813 3780 1921 3835 Cic.
1960 3781 2025 3836 de
2059 3780 2178 3834 Sen.
2221 3785 2307 3843 15,
2348 3784 2429 3833 52.
2468 3783 2524 3834 et
2555 3778 2694 3834 Phn.
2887 3819 2901 3842 ‚

584 3858 660 3915 10,
700 3855 781 3905 10.
850 3850 1005 3905 Vites
1042 3848 1291 3903 insitione
1326 3848 1607 3904 emendare
1642 3848 1909 3902 Romanos
1945 3865 2066 3902 suos
2108 3847 2405 3902 docuerunt
2438 3847 2575 3901 Cato
2619 3846 2679 3901 R.
2719 3845 2782 3901 R.
2816 3849 2901 3901 41.

579 3920 786 3975 Colum.
822 3917 926 3980 Iv,
972 3919 1053 3971 29.
1096 3915 1305 3970 Pallad.
1348 3915 1501 3977 xlv,
1548 3920 1595 3970 2.
1632 3947 1699 3956 -
1735 3915 1820 3975 61.
1867 3913 1957 3976 62.
2020 3915 2378 3977 „Artificiales
2416 3914 2558 3969 modi
2590 3914 2839 3968 arborum
2873 3931 2903 3968 e

580 3988 778 4041 semine
821 3987 1183 4057 procretarum
1234 3986 1562 4037 incrementa
1609 3983 1965 4045 accelerandi,
2013 3984 2103 4053 qui
2137 4000 2241 4036 non
2278 3984 2454 4037 minus
2488 3981 2664 4036 locum
2700 3980 2903 4036 habent

581 4055 636 4108 in
671 4053 891 4124 reliquis
928 4051 1224 4113 arboribus,
1261 4052 1370 4106 sive
1408 4055 1599 4121 sponte
1634 4051 1744 4105 sive
1782 4068 1845 4105 ex
1880 4051 2163 4105 viviradice
2198 4051 2358 4104 natiS.
2398 4082 2465 4091 —
2499 4048 2792 4118 Praecepta
2813 4065 2903 4103 ve·

581 4126 757 4178 terum
795 4119 862 4176 de
893 4120 979 4175 his
1016 4118 1301 4188 diligenter
1338 4135 1399 4173 ex
1470 4119 1581 4172 suit
1602 4117 1742 4172 Plin.
1768 4118 1941 4183 XVII,
1984 4124 2060 4183 lo,
2104 4121 2164 4173 14
2203 4135 2321 4189 sqq.
2356 4117 2563 4171 Habuit
2635 4121 2756 4170 oeta
2775 4120 2902 4172 ante

581 4189 761 4244 oculos
795 4189 1007 4243 Lucret.
1043 4187 1115 4251 V,
1156 4189 1377 4241 1360-1
1420 4191 1540 4241 77.“
1580 4186 1756 4255 Heyn.
1817 4186 2050 4241 Arbores
2085 4187 2285 4242 semine
2321 4201 2505 4255 sparso
2543 4200 2571 4238 e
2610 4187 2793 4246 uotae,
2839 4187 2904 4238 ut

582 4257 827 4311 meliores
870 4255 1189 4316 reddantur,
1248 4255 1302 4307 in
1343 4253 1507 4309 aliam
1561 4258 1762 4308 terram
1808 4260 1938 4309 sunt
1984 4254 2385 4309 transferendae
2435 4256 2492 4306 et
2544 4252 2817 4307 scrobibus
2854 4270 2900 4306 s.

583 4323 747 4378 sulcis
781 4328 851 4391 (v.
891 4326 997 4381 24.)
1037 4339 1097 4377 ex
1132 4320 1313 4376 ordine
1349 4322 1508 4376 factis
1543 4322 1631 4389 (cf.
1668 4338 1715 4376 ι’.
1762 4325 1866 4383 54.)
1910 4322 2233 4393 infigendae;
2291 4320 2392 4374 hoc
2433 4323 2518 4375 est
2562 4338 2633 4374 co
2686 4337 2791 4374 ere
2833 4321 2904 4374 ia

583 4394 851 4446 sulcum.
885 4423 953 4433 ·--
988 4391 1182 4445 labor
1217 4390 1690 4461 inpendendus.
1749 4389 1873 4443 Vid.
1901 4391 2042 4445 infra
2074 4390 2174 4455 m,
2211 4394 2292 4444 74.
2328 4387 2448 4443 coll.
2488 4404 2607 4443 cum
2679 4389 2800 4443 uius
2834 4387 2900 4442 li-

583 4459 665 4510 bri
708 4474 758 4511 v.
803 4461 918 4512 434.
964 4490 1031 4499 -
1072 4458 1273 4511 multa
1313 4460 1634 4521 mercede,
1686 4456 1718 4510 i.
1770 4473 1817 4511 e.
1854 4458 2026 4512 multo
2058 4458 2271 4521 labore3
2331 4472 2455 4511 nam
2492 4456 2663 4526 operis
2699 4471 2900 4510 meroes

586 4527 671 4576 est
705 4524 971 4578 solvenda.
1043 4525 1123 4577 Cf.
1169 4524 1277 4577 s'ic.
1316 4541 1397 4593 pr.
1439 4526 1594 4579 Rosc.
1641 4524 1756 4578 Am.
1801 4528 1892 4585 29,
1940 4529 2020 4580 80.
2095 4526 2310 4578 Videris
2341 4543 2454 4578 aaa
2486 4526 2727 4579 mercede
2759 4524 2901 4577 duae

585 4605 675 4644 m
715 4592 949 4657 adsequi
988 4590 1140 4644 velle.
1210 4591 1328 4645 Sen.
1374 4590 1440 4645 de
1480 4596 1696 4659 tranqu.
1737 4594 1814 4647 11.
1868 4592 2084 4662 Maqna
2113 4593 2332 4663 quidem
2367 4608 2457 4646 ree
2500 4599 2624 4646 mas
2661 4593 2903 4648 mercede
