3616 5026
1438 181 1963 253 GEORGICON
1998 184 2159 251 LIB.
2203 185 2253 251 I.
2881 196 3002 257 273

676 347 765 413 Et
802 371 969 437 quae
1011 370 1201 413 mane
1241 349 1440 415 refert
1481 360 1544 416 et
1631 373 1750 416 uae
1795 352 2205 437 surgentibus
2249 352 2460 418 astris.
2902 369 3002 418 440

677 430 793 497 Ille
836 431 949 498 ubi
989 443 1358 499 nascentem
1400 373 1668 499 macuiis
1709 435 2065 499 variaverit
2107 447 2315 500 ortum

680 514 997 582 Conditus
1038 516 1108 579 in
1150 514 1385 581 nubem
1426 515 1765 604 medioque
1807 518 2118 603 refugerit
2162 519 2337 599 orbe,

681 598 981 685 Suspecti
1018 596 1140 663 tibi
1184 600 1312 664 sint
1351 598 1626 673 imbres;
1666 622 1944 685 namque
1985 611 2217 686 urguet
2263 602 2347 666 ab
2393 601 2524 666 alto

678 681 1040 748 Arboribus
1089 704 1169 745 ue
1213 685 1497 770 satisque
1537 683 1741 749 Notus
1785 685 2008 769 pecori
2055 706 2134 748 ue
2176 686 2451 750 sinister.

678 766 811 830 Aut
845 764 959 828 ubi
1003 787 1079 828 su
1163 763 1369 830 lucem
1416 766 1617 832 densa
1656 769 1824 832 inter
1864 764 2018 831 nub'
2050 788 2092 830 a
2135 789 2274 831 sese
2906 781 3004 830 443

681 848 949 912 Diversi
992 860 1293 935 rumpent
1333 849 1503 914 radii
1546 860 1656 915 aut
1694 849 1808 914 ubi
1853 848 2100 937 pallida
2138 861 2360 935 surget

680 930 945 996 Tithoni
985 952 1281 997 croceum
1321 931 1616 1020 linquens
1658 933 1919 999 Aurora
1958 930 2186 1013 cubile,

678 1097 975 1152 rectissime
1010 1097 1202 1167 Wagn.
1249 1096 1347 1162 Qu.
1389 1097 1536 1166 Virg.
1574 1097 1672 1160 Vl,
1711 1102 1757 1149 5.
1797 1115 1848 1167 p.
1887 1102 2003 1152 394.
2041 1131 2107 1139 -
2140 1097 2271 1157 440.
2324 1099 2546 1166 refert
2589 1098 2758 1168 Heyn.
2808 1099 3006 1153 iterum

682 1163 913 1233 explicat
950 1181 1044 1234 per
1078 1164 1300 1233 simplex
1337 1164 1467 1223 fert.
1515 1164 1625 1217 dat.
1694 1163 1796 1217 Sed
1833 1166 1953 1219 vide
1989 1166 2197 1219 adnott.
2239 1164 2307 1218 ad
2343 1181 2393 1217 v.
2432 1169 2548 1219 339.
2588 1198 2652 1205 -
2685 1168 3008 1235 surgenti-

681 1234 794 1285 bus
828 1233 1049 1285 astris.
1111 1232 1192 1286 Os.
1228 1232 1360 1284 Aen.
1396 1231 1490 1291 lv,
1529 1235 1646 1285 352.
1682 1263 1745 1270 -
1782 1231 1911 1291 441.
1948 1233 2253 1304 Sequuntur
2288 1233 2510 1287 orientis
2544 1232 2674 1286 solis
2708 1236 3004 1305 praesagia.

681 1300 764 1353 Cf.
787 1300 938 1354 Aret.
963 1304 1044 1353 90.
1073 1316 1116 1353 s.
1139 1302 1253 1353 822.
1284 1298 1444 1353 Bekk.
1489 1298 1615 1362 „Sol
1637 1300 1810 1354 oriens
1833 1301 1879 1354 si
1903 1302 2222 1363 maculosus,
2246 1300 2479 1354 nubibus
2501 1299 2780 1363 obductus,
2824 1303 2894 1356 ab
2921 1320 3006 1356 ex-

680 1367 875 1421 teriore
900 1370 1116 1421 tantum
1151 1366 1234 1419 sui
1269 1370 1421 1435 parte
1457 1367 1771 1436 conspicuus
1796 1372 1852 1421 et
1876 1369 2029 1437 qussi
2048 1384 2308 1423 concavus
2330 1371 2430 1431 est,
2457 1367 2629 1421 imber
2653 1369 3007 1436 portenditur.

679 1433 818 1488 Plin.
844 1434 885 1488 1.
904 1451 949 1488 c.
991 1432 1272 1487 Concava-⁹
1292 1434 1417 1499 (sol)
1445 1435 1625 1488 oriens
1635 1437 1862 1504 pluvias
1870 1437 2152 1506 praedicit
2159 1458 2180 1505 ‚·
2209 1437 2352 1490 idem
2370 1442 2571 1501 ventos,
2596 1453 2716 1489 cum
2739 1444 2865 1490 ante
2882 1454 3006 1491 exo-

680 1501 904 1556 rientem
940 1518 1061 1554 eum
1102 1502 1266 1554 nubes
1306 1503 1619 1569 ruthenum&
1667 1505 1822 1571 quod
1860 1503 1912 1556 εἰ
1956 1512 2007 1557 et
2040 1505 2233 1572 niqrae
2266 1504 2578 1557 rubentibm
2614 1503 3009 1571 intervenerint,

684 1577 730 1621 et
864 1568 1038 1623 viacf‘
1080 1568 1255 1637 Heyn.
1293 1601 1357 1609 -
1394 1569 1526 1623 Ille
1556 1570 1684 1624 ubi.
1720 1569 1974 1624 Ribbeck.
2007 1570 2119 1632 hic,
2155 1571 2298 1625 iufra
2335 1588 2383 1625 ν.
2419 1575 2536 1625 455.
2574 1574 2630 1623 et
2664 1569 2774 1631 III,
2824 1575 2939 1625 441.
2979 1590 3008 1625 e

687 1636 760 1689 Co
801 1678 813 1690 .
852 1633 995 1690 Gud.
1031 1652 1065 1690 a
1099 1652 1172 1690 m.
1211 1654 1289 1706 pr.
1328 1636 1499 1690 edidit
1538 1638 1663 1696 ube,
1712 1642 1775 1689 ut
1812 1640 1938 1691 Ge0.
1977 1638 2093 1700 III,
2149 1642 2264 1691 332.
2302 1638 2433 1692 Aen.
2470 1637 2601 1699 XII,
2647 1640 2762 1691 441.
2799 1641 2915 1691 523.
2954 1648 3009 1693 et

686 1707 801 1758 908.
840 1720 902 1758 ex
938 1702 1068 1758 Cod.
1101 1702 1218 1758 Pul.
1257 1705 1457 1774 recepit
1488 1704 1693 1763 sie-ube,
1749 1705 1878 1759 dum
1913 1705 2055 1759 infra
2091 1721 2140 1759 v,
2174 1709 2291 1760 446.
2330 1709 2386 1759 et
2420 1704 2551 1759 alibi
2585 1703 2860 1773 vulgarem
2898 1706 3007 1759 for-

686 1787 830 1825 mam
872 1771 1112 1825 retinuit.
1186 1771 1267 1826 Cf.
1310 1771 1568 1827 Ritschel.
1604 1773 1659 1825 in
1696 1773 1834 1827 Mus.
1870 1772 2039 1827 Rhen.
2076 1772 2233 1827 VIII.
2275 1790 2329 1842 p.
2368 1776 2468 1826 448
2503 1789 2619 1841 sqq.
2659 1776 2715 1825 et
2752 1771 3006 1828 Ribbeck.

688 1840 800 1908 ipse
844 1839 897 1891 in
933 1838 1108 1893 Iahnii
1142 1837 1277 1893 Nov.
1313 1840 1508 1894 Annal.
1554 1839 1681 1909 phil.
1719 1840 1928 1894 LXXV.
1975 1857 2027 1909 p.
2064 1844 2178 1895 307.
2218 1844 2273 1893 et
2310 1840 2367 1894 in
2400 1839 2616 1910 Proleg.
2652 1838 2722 1893 ad
2760 1839 2919 1910 Verg.
2956 1860 3008 1910 p.

684 1911 803 1960 451.
839 1938 903 1945 --
942 1915 1305 1960 nascentem
1340 1936 1362 1948 ·
1400 1937 1423 1948 ·
1460 1916 1667 1961 ortum
1703 1907 1905 1961 Wakef.
1956 1913 2012 1962 et
2046 1908 2466 1976 Bergstraesser.
2510 1923 2630 1962 cum
2664 1906 2915 1962 Parthas.
2954 1911 3010 1963 et

686 1974 766 2028 ed.
801 1974 934 2028 Ven.
973 1974 1087 2028 sine
1122 1972 1311 2029 idonea
1344 1991 1507 2029 causa
1539 1976 1593 2028 in
1631 1983 1935 2029 nascemem
1979 1978 2182 2031 orbem.
2231 1984 2287 2029 et
2330 1992 2381 2028 v.
2427 1991 2484 2029 se
2525 1993 2574 2030 u.
2610 1976 2896 2045 naedioque
2930 2006 2953 2016 -
2989 2009 3010 2018 -

685 2045 812 2095 orbe
849 2059 911 2096 ex
951 2042 1087 2096 coni.
1121 2041 1177 2094 in
1217 2043 1503 2111 mdioque
1538 2075 1558 2085 ·
1596 2071 1620 2082 -
1655 2051 1779 2096 ortu
1817 2047 2084 2097 mutatum
2128 2044 2437 2105 voluerunt;
2545 2059 2680 2097 urm.
2728 2048 2910 2097 sutem
2955 2046 3011 2097 et

687 2109 875 2177 Heyn„
917 2108 1113 2177 quibus
1148 2107 1281 2163 haec
1315 2110 1545 2164 mutatio
1581 2108 1735 2164 valde
1769 2109 1994 2172 arridet,
2032 2110 2174 2189 apud
2213 2110 2363 2166 Ovid.
2405 2110 2555 2163 Fsst.
2594 2110 2694 2174 111,
2733 2114 2852 2164 353.
2887 2111 3009 2165 Cal-

686 2193 838 2246 purn.
876 2175 993 2230 Ecl.
1029 2175 1122 2239 IX,
1166 2180 1248 2230 75.
1292 2176 1490 2231 Lucan.
1526 2177 1620 2237 IX.
1657 2182 1705 2232 9.
1748 2176 1916 2231 Prisc.
1951 2177 2156 2257 Peneg.
2192 2181 2274 2232 43.
2334 2178 2525 2231 Horat.
2562 2176 2662 2232 Od.
2699 2178 2794 2240 IV,
2831 2183 2879 2240 2,
2923 2184 3006 2232 58.

688 2244 798 2309 <ubi
847 2242 955 2297 vid.
1006 2243 1212 2307 Bentl.)
1253 2243 1474 2299 eandem
1526 2244 1842 2299 varietatem
1896 2244 2118 2298 inveniri
2173 2248 2607 2299 commemorant.
2685 2244 2788 2299 Sed
2850 2248 3011 2300 verba

686 2319 989 2365 renascentem
1047 2320 1223 2365 ortum
1279 2328 1372 2381 per
1428 2312 1699 2366 licentiam
1739 2313 2000 2382 poeticam
2074 2329 2155 2366 ro:
2217 2317 2527 2367 nascentem
2566 2313 2621 2365 in
2656 2318 2804 2373 ortu.
2857 2319 2920 2367 ut
2957 2316 3010 2367 in

724 2380 857 2433 rimo
893 2382 1017 2432 ortu
1041 2397 1083 2433 s.
1122 2395 1344 2434 nascens
1381 2381 1703 2450 conspicitur
1726 2380 1950 2434 maculis
1973 2381 2028 2433 in
2053 2386 2220 2441 ectus,
2242 2381 2420 2449 posits
2443 2380 2534 2443 (cf.
2560 2380 2771 2434 adnott.
2801 2379 2869 2434 ad
2897 2380 3009 2435 Ecl.

738 2446 836 2505 III.
879 2450 999 2509 17.),
1037 2446 1222 2501 eedem
1255 2448 1460 2502 ratione
1498 2447 1826 2518 explicanda.
1865 2463 1971 2518 qua
2007 2464 2057 2500 v.
2094 2451 2209 2501 432.
2242 2456 2439 2517 quarto
2478 2455 2620 2500 ortu.
2691 2447 3011 2518 Cori-uptam

688 2522 870 2569 autem
910 2515 1135 2569 duorum
1175 2515 1434 2571 librorum
1471 2516 1756 2571 lectionem
1789 2533 1824 2570 a
1859 2533 2014 2571 versu
2044 2521 2297 2586 sequente
2321 2516 2579 2586 originem
2604 2515 2817 2578 habere,
2857 2532 3012 2570 nemo

688 2599 792 2636 non
828 2582 991 2637 videt.
1028 2614 1094 2623 —
1130 2581 1265 2642 442.
1306 2584 1483 2638 verba
1516 2585 1858 2652 medioque
1889 2585 2229 2655 resuqerit
2262 2585 2417 2637 orbe
2456 2582 2592 2637 nihil
2626 2583 2772 2638 aliud
2808 2584 3009 2653 signifi-

687 2667 808 2705 care
846 2650 1114 2714 videntur,
1151 2666 1308 2720 quam
1353 2650 1515 2705 Plinii
1548 2652 1635 2706 eol
1671 2669 1956 2714 com-avus,
1994 2650 2049 2703 h.
2089 2668 2133 2705 e.
2169 2651 2248 2705 ita
2282 2651 2482 2713 oriem,
2513 2653 2579 2708 ut
2609 2651 2835 2705 exterior
2855 2652 3011 2705 modo

686 2720 800 2772 eius
845 2733 972 2787 pars
1005 2718 1148 2772 clare
1180 2718 1412 2788 fulgeat,
1450 2718 1670 2773 interior
1702 2726 1910 2780 autem,
1951 2718 2158 2772 medius
2201 2718 2361 2780 orbis,
2399 2718 2632 2773 nubibus
2668 2719 2741 2771 sit
2777 2719 3011 2773 obtecta.

688 2786 772 2840 Cf.
827 2789 1044 2856 praeter
1094 2786 1250 2839 Arati
1307 2791 1362 2840 et
1410 2785 1571 2840 Plinii
1623 2785 1685 2840 11.
1730 2785 1790 2839 11.
1845 2786 1936 2840 ille
1988 2785 2148 2839 etiam
2204 2801 2252 2837 r.
2304 2789 2414 2839 122.
2467 2786 2577 2839 sive
2615 2789 2732 2839 854.
2788 2785 3012 2841 Bekker.

688 2853 863 2919 Quare
912 2869 1018 2908 non
1062 2852 1166 2907 duo
1204 2857 1260 2907 et
1297 2851 1528 2916 diversa,
1577 2853 1669 2907 sed
1708 2868 1875 2907 unum
1919 2853 2060 2906 idem
2098 2867 2164 2905 ue
2196 2853 2573 2921 prognosticon
2620 2852 2718 2907 hoc
2759 2858 2816 2908 et
2898 2870 3014 2908 rae-

689 2921 907 2975 ccdente
955 2937 1114 2975 versu
1156 2920 1410 2984 describi,
1464 2926 1521 2975 et
1573 2921 1925 2974 mutationem
1968 2920 2036 2973 ab
2141 2920 2291 2988 eynio
2338 2921 2666 2989 propositam
2680 2961 2693 2982 ‚
2890 2922 3013 2989 'ove,

692 3004 905 3058 prorsus
951 2987 1291 3044 reficiendam
1339 2993 1497 3058 puto;
1547 3004 1652 3057 qua
1694 3003 1759 3042 ue
1804 2993 1921 3041 tum
1971 2987 2183 3058 quidem
2235 3003 2368 3057 opus
2419 2990 2586 3051 esset,
2644 2987 2690 3040 si
2741 3003 2862 3042 vere
2909 2989 3014 3042 duo

691 3056 1036 3176 ffiqgntatiziqs
1076 3056 1524 3176 differas-rentur,
1558 3071 1698 3176 lcum
1753 3058 2005 3176 {³332-
2045 3053 2213 3175 xxii-i
2241 3054 2577 3175 {iffi-&tim
2631 3055 2686 3107 in
2735 3056 3015 3135 sententiis

749 3139 870 3177 siun
950 3139 1047 3184 vis,
1087 3139 1123 3177 u
1161 3140 1180 3176 1
1251 3141 1309 3177 ro
1348 3140 1423 3178 rie
1459 3142 1522 3177 ve
1581 3139 1731 3177 ocum
1942 3162 1954 3182 ‚
1991 3139 2046 3175 in
2386 3139 2402 3174 1
2436 3121 2581 3175 ulam
2724 3163 2736 3184 ‚
2775 3138 3013 3176 ommno·

693 3207 796 3259 que
833 3190 1130 3260 simplicem
1164 3141 1249 3245 CX
1462 3192 1626 3246 etiam
1662 3189 2054 3257 distinguendis
2087 3189 2247 3243 rebus
2281 3189 2553 3243 inservire.
2640 3188 2713 3242 id.
2749 3205 2797 3243 v.
2837 3205 2881 3244 c.
2924 3207 3013 3243 su·

728 3274 788 3311 ra
824 3274 875 3310 v.
911 3261 1030 3312 419.
1065 3257 1192 3312 Ge0.
1296 3300 1308 3318 ‚
1348 3263 1430 3313 b‘a'.
1468 3263 1585 3312 351.
1624 3261 1738 3312 399.
1777 3262 1894 3311 503.
1929 3257 2040 3318 111,
2099 3259 2185 3309 121
2229 3274 2309 3326 sq.
2346 3256 2480 3311 Aen.
2517 3256 2598 3319 H,
2638 3260 2721 3310 37.
2756 3254 2858 3318 ΠΙ,
2895 3260 3012 3311 459.

722 3325 759 3388 ’,
799 3329 881 3379 52.
918 3329 1038 3380 784.
1074 3325 1141 3388 Χ,
1183 3330 1295 3380 112.
1338 3331 1452 3380 707.
1493 3331 1596 3380 etc.
1637 3327 1691 3379 et
1726 3325 1795 3377 cf.
1834 3331 2045 3394 praeter
2077 3323 2227 3378 Iahn.
2264 3323 2333 3377 sd
2369 3324 2425 3377 h.
2460 3324 2520 3384 1.,
2557 3322 2626 3377 sd
2649 3324 2780 3378 Aen.
2821 3324 2894 3386 Π,
2932 3328 3014 3377 37.

694 3397 748 3447 et
784 3392 912 3447 Hor.
950 3392 1066 3446 Sat.
1106 3392 1178 3455 Π,
1220 3397 1267 3456 3,
1308 3398 1421 3447 137.
1442 3391 1647 3447 Wslch.
1683 3390 1992 3446 Emendatt.
2032 3391 2178 3445 Livv.
2237 3413 2270 3443 ›.
2309 3395 2373 3445 53
2413 3408 2494 3461 sq.
2530 3390 2672 3445 idem
2710 3407 2777 3445 ue
2802 3390 3012 3445 sdTac.

693 3462 919 3582 Μ
968 3463 1088 3514 200.
1130 3459 1298 3514 Kritz.
1335 3460 1404 3514 sd
1438 3460 1569 3515 Sall.
1607 3461 1726 3514 Cat.
1764 3469 1819 3522 δ,
1879 3463 1924 3513 1.
1969 3459 2161 3528 ngn.
2210 3409 2308 3522 bu.
2359 3459 2511 3524 Vix-g.
2735 3459 2803 3522 V,
2863 3462 2908 3513 1.
2958 3464 3014 3513 et

932 3566 945 3589 ‚
1006 3530 1083 3582 10.
1122 3527 1297 3583 Hand.
1333 3527 1484 3582 Turs.
1523 3528 1595 3582 11.
1642 3545 1694 3596 p.
1747 3531 1846 3581 494
1886 3543 2002 3596 sqq.
2053 3532 2107 3580 et
2153 3543 2283 3595 quos
2318 3525 2520 3581 Obbsr.
2554 3524 2745 3580 laudat
2779 3525 2847 3580 ad
2885 3527 3012 3580 Hor.

696 3594 794 3664 Ep.
828 3595 873 3657 Ι,
912 3597 961 3659 8,
999 3601 1049 3648 5.
1086 3594 1239 3649 Fasc.
1273 3595 1338 3650 V.
1376 3613 1429 3664 p.
1471 3600 1519 3649 2.
1559 3627 1621 3634 -
1659 3592 1790 3653 443.
1830 3594 2141 3663 Suspectc'
2190 3594 2323 3646 tibi
2373 3594 2508 3647 sint
2564 3594 2822 3662 imbres,
2886 3599 3015 3647 tune

696 3663 810 3717 iure
850 3662 1135 3732 suspiceris
1168 3663 1365 3717 imbres
1402 3663 1633 3717 futuros.
1670 3692 1733 3701 --
1771 3669 2000 3729 uryuet
2032 3661 2369 3714 intransitive
2407 3677 2502 3730 pro
2523 3660 2785 3724 imminet,
2823 3662 3011 3720 instat,

699 3730 929 3799 ingruit,
973 3733 1039 3784 ut
1071 3729 1213 3784 infra
1244 3729 1354 3793 ΠΙ,
1404 3735 1522 3784 200.
1556 3729 1657 3786 IV.
1696 3731 1814 3783 290.
1854 3735 1910 3783 et
1940 3727 2087 3782 alibi.
2134 3728 2217 3781 Cf.
2253 3728 2416 3782 etiam
2458 3727 2568 3782 Ecl.
2607 3728 2650 3789 1,
2687 3733 2769 3782 -15,
2805 3729 2931 3784 Ge0.
2968 3729 3012 3784 1.

700 3801 809 3850 163.
849 3800 965 3852 333.
1001 3800 1131 3852 Aen.
1169 3796 1223 3860 Ι,
1261 3801 1375 3852 234.
1433 3798 1514 3858 11.
1552 3799 1668 3851 229.
1712 3803 1814 3850 etc.
1856 3796 2032 3866 ibique
2070 3794 2276 3850 adnott.
2319 3829 2382 3836 —
2418 3798 2497 3848 ab
2539 3795 2705 3856 alto,
2752 3812 2812 3849 ex
2857 3797 3013 3849 mari.

695 3864 818 3919 vid.
856 3881 1020 3935 supra,
1052 3864 1121 3919 ad
1160 3881 1211 3918 v.
1239 3868 1353 3920 324.
1386 3898 1442 3905 -
1478 3864 1612 3923 444.
1650 3864 1950 3928 είπὶετεν,
1985 3863 2327 3933 perniciosus,
2363 3864 2569 3926 noxius;
2607 3867 2670 3916 ut
2690 3862 2831 3932 apud
2855 3863 3014 3933 Prop.

698 3932 790 3994 IV,
818 3936 901 3996 25,
928 3936 1007 3987 12.
1037 3932 1160 3997 (ΠΙ,
1181 3936 1261 3999 23,
1285 3936 1391 3998 32.)
1428 3933 1508 3986 Et
1539 3932 1720 3986 veniat
1740 3933 1970 4000 formae
1993 3949 2135 3999 ruqa
2157 3932 2379 3986 sinistra
2405 3939 2546 3985 time.
2588 3929 2671 3985 cf.
2696 3930 2857 3984 etiam
2881 3932 3012 3986 Aen.

698 4000 765 4064 X,
797 4005 908 4055 110.
933 4031 1001 4041 -
1034 3998 1166 4060 44ἴ).
1204 4002 1286 4055 Cf.
1313 4002 1469 4055 Arat.
1494 4004 1557 4055 97
1578 4017 1657 4069 sq.
1694 4003 1882 4069 829sq.
1911 3998 2070 4052 Bekk.
2109 4002 2163 4052 et
2197 3997 2337 4053 Plin.
2373 3998 2575 4062 XVIII,
2616 4002 2696 4060 35,
2738 4001 2817 4052 78.
2856 3999 2922 4052 Si
2958 4000 3016 4052 in

700 4075 891 4121 exortu
925 4067 1011 4122 sol
1044 4068 1201 4135 lonye
1230 4070 1426 4122 radios
1453 4084 1557 4139 per
1588 4068 1751 4120 nubes
1778 4067 2030 4146 porriqet
2060 4073 2114 4119 ct
2142 4067 2352 4120 naedius
2387 4068 2490 4121 erit
2525 4066 2731 4132 inumb,
2811 4066 3013 4119 baviam

699 4137 1049 4204 siqniticabit.
1107 4166 1172 4175 -
1227 4137 1339 4190 sub
1385 4134 1473 4190 hic
1516 4151 1620 4188 uon
1655 4134 1920 4203 significat
1954 4134 2136 4187 statim
2163 4142 2315 4204 post,
2364 4137 2430 4188 ut
2462 4150 2625 4204 supra
2659 4150 2708 4186 v.
2814 4141 2881 4192 0.,
2921 4133 3013 4186 sed

773 4203 884 4257 tius
926 4204 1079 4257 brevi
1118 4210 1257 4257 ante.
1326 4202 1619 4273 Utramque
1662 4201 1801 4255 enim
1846 4200 2281 4271 significationem
2326 4202 2375 4256 ei
2416 4202 2590 4256 inesse
2631 4204 2859 4255 constet.
2929 4199 3012 4253 Cf.

702 4219 953 4324 fflddjm.
981 4270 1120 4325 lust.
1159 4269 1231 4325 Π.
1266 4286 1318 4341 p.
1356 4274 1470 4324 326.
1507 4302 1570 4311 -
1606 4267 1737 4328 446.
1772 4286 1910 4323 sese
1948 4269 2225 4322 Diversi
2257 4277 2578 4340 rumpent,
2626 4267 2848 4338 singuli,
2891 4269 3013 4330 rari,

708 4338 761 4392 in
799 4337 1036 4392 diversa-s
1070 4343 1251 4407 partes
1289 4355 1320 4392 e
1357 4338 1589 4392 nubibus
1620 4340 1917 4406 erumpent.
1986 4335 2074 4390 Its
2105 4352 2164 4389 se
2205 4353 2457 4409 mnipere
2497 4353 2590 4406 pro
2631 4352 2902 4416 erumpere
2939 4334 3015 4388 le-

746 4407 853 4460 'tur
890 4406 1053 4461 etiam
1085 4406 1218 4460 Aen.
1254 4404 1348 4470 11,
1388 4410 1510 4461 548.
1545 4413 1726 4461 tamus
1756 4422 1812 4458 se
1845 4405 2070 4457 nubibus
2103 4403 2270 4458 imber
2301 4414 2561 4475 ruperat·
2618 4422 2799 4473 rumpz
2833 4407 3014 4457 autem

756 4490 833 4528 eo.
873 4473 976 4534 111,
1014 4477 1131 4529 428.
1169 4477 1225 4527 et
1257 4491 1312 4528 ee
1345 4491 1620 4545 erumpere
1653 4473 1781 4528 Ge0.
1818 4471 1911 4535 IV,
1956 4475 2069 4525 368.
2109 4504 2170 4510 -
2212 4470 2345 4533 446.
2383 4445 2597 4526 Pallida
2630 4471 2847 4526 orientis
2886 4471 3015 4525 solis

705 4541 824 4597 luce
857 4539 1063 4611 grando
1099 4541 1383 4597 vehemens
1417 4540 1769 4612 exspectanda
1803 4540 1923 4595 erit.
1965 4572 2028 4579 —
2065 4538 2128 4594 V.
2161 4537 2318 4604 447„
2365 4541 2456 4610 qui
2490 4542 2718 4594 iteratur
2753 4540 2884 4594 Aen.
2920 4539 3013 4602 lv,

804 4634 1034 4678 men..
1079 4635 1224 4677 uns
1264 4636 1305 4677 1.
1347 4636 1441 4677 ED-
1484 4636 1567 4678 lv.
2544 4627 2599 4671 lb
