3616 5026
1480 215 1954 286 BUCOLICA.
2009 216 2206 285 ECL.
2247 217 2362 283 ΙΙΙ.
3025 225 3102 288 37

744 382 814 437 ad
849 383 1080 447 similes,
1140 385 1205 436 ut
1241 381 1316 435 sit
1354 383 1626 436 nostrum:
1685 383 1891 436 wieder
1918 401 1981 438 so
2016 385 2165 438 einer
2209 382 2333 449 (wie
2359 383 2501 452 βακε
2533 401 2575 438 s.
2612 383 2714 438 wie
2744 388 2932 439 sonet.)
3003 386 3099 441 Ce-

746 454 924 506 terum
976 468 1082 506 non
1142 447 1499 513 reticendum,
1556 452 1682 503 ante
1731 450 2012 506 Heinsium
2065 452 2271 508 editum
2326 451 2518 505 fuisse:
2587 450 2642 504 εἰ
2672 459 2721 505 te
2750 453 2842 506 hic
2864 454 3102 519 fastidit

747 518 973 588 Alexim
1007 534 1116 589 qna
1141 516 1456 572 secundaria
1490 517 1774 579 sententia,
1813 521 1878 572 nt
1911 521 2206 575 rectissime
2230 520 2482 574 observat
2505 517 2716 587 Wagn„
2752 519 2929 573 minus
2964 521 3099 576 bene

747 586 993 642 finiretur
1021 601 1252 649 carmen,
1292 600 1453 654 quam
1488 585 1741 654 primaria
1775 584 1895 640 ina:
1933 589 2108 643 alium
2146 588 2385 642 invenies
2401 586 2638 640 Alea-im.
2690 586 2843 640 Addo
2870 587 3102 643 alteram

748 670 981 709 oausam.
1049 652 1206 734 Apud
1242 651 1584 707 Theocritum
1624 653 1704 707 Id.
1743 653 1838 717 IX,
1878 658 1979 720 76„
2017 673 2176 727 quem
2209 656 2384 711 locum
2425 653 2694 723 Vergilius
2730 655 2942 709 videtur
2976 659 3102 711 ante

748 722 927 777 oculos
959 721 1228 786 habuisse,
1263 720 1490 790 legitur:
1533 719 1810 790 Εὑρὴσεις
1847 720 2160 778 Γαλάτειαν
2195 729 2332 785 ἴσως
2366 726 2460 776 καὶ
2496 721 2738 776 καλλίω)
2777 721 2967 777 ἄλλαν.

1518 928 2346 938 ————-————-—.

1176 1107 1658 1176 ECLOGA
1743 1109 1851 1175 III.
1974 1109 2673 1178 PALAEMON.

1531 1326 2335 1413 ARGUMENTUM.

884 1509 948 1563 In
983 1509 1085 1564 hac
1117 1509 1342 1580 Eclog’a,
1378 1513 1575 1582 primo,
1614 1512 1754 1582 qnod
1792 1511 2034 1582 scripsit,
2079 1514 2492 1573 amocbaeo*)
2529 1512 2785 1569 carmine.
2831 1510 3103 1580 Vergilius

748 1576 1012 1631 Theocriti
1055 1577 1118 1631 Id
1155 1578 1215 1633 11.
1263 1579 1357 1633 IV.
1407 1586 1465 1633 et
1506 1581 1572 1635 V.
1609 1581 1857 1634 imitatus
1901 1582 2000 1634 est.
2073 1580 2375 1635 Introducit
2434 1581 2615 1633 autem
2671 1579 2803 1633 duos
2859 1583 3101 1647 pastores

747 1645 1085 1705 Mantuanos,
1180 1646 1421 1702 enalcam
1457 1665 1698 1718 puerum.
1737 1648 1828 1717 qui
1899 1647 2035 1701 atris
2135 1664 2287 1727 egem
2322 1646 2515 1716 pascit,
2552 1649 2609 1699 et
2631 1645 2964 1709 Damoetam‚
2999 1647 3101 1701 Ae-

747 1713 901 1782 gonis
934 1713 1216 1768 cuiusdam
1248 1731 1469 1795 gregem
1504 1716 1748 1781 (absente
1782 1714 1838 1768 fo
1956 1731 2013 1769 se
2087 1720 2283 1773 emmo)
2319 1715 2599 1769 curantem
2632 1716 2689 1765 et
2724 1713 2962 1767 eiusdem
2995 1714 3102 1769 Ne·

748 1796 901 1835 aerae
935 1783 1248 1843 amatorem.
1285 1799 1438 1837 cuius
1471 1799 1650 1838 amore
1683 1783 1848 1837 etiam
1869 1781 2143 1836 Menalcas
2339 1788 2389 1841 t;
2426 1796 2591 1851 qnare
2625 1779 2821 1835 rivales
2854 1782 3104 1836 conviciis

748 1847 953 1902 mutuis
997 1853 1052 1902 et
1136 1850 1310 1903 robris
1358 1850 1568 1905 nullam
1607 1867 1829 1921 prorsus
1878 1849 2092 1904 bonesti
2136 1852 2193 1903 et
2273 1850 2410 1904 ecori
2454 1848 2716 1903 rationem
2778 1846 3102 1904 habentibus

748 1915 939 1985 puerili
971 1918 1067 1985 pet
1198 1917 1279 1970 tia
1312 1934 1370 1972 se
1404 1918 1630 1972 invicem
1663 1917 1954 1973 lacessunt.

882 1982 1132 2037 Ceterum
1166 1982 1432 2052 Spobnins
1466 1985 1661 2055 Proleg
1703 2027 1713 2039 .
1751 2001 1805 2055 p.
1851 1987 1915 2037 26
1952 2001 2067 2054 sqq.
2107 1985 2436 2053 suspicatur,
2475 1982 2638 2037 etiam
2675 1981 2833 2035 huius
2873 1981 3100 2051 Eclogae

748 2050 1060 2105 scribendae
1096 2065 1311 2106 causam
1349 2053 1406 2106 in
1439 2054 1600 2108 rebus
1634 2069 1667 2107 a
1739 2053 1907 2106 vitam
1941 2056 2129 2122 poetae
2163 2050 2559 2121 pertinentibus
2583 2066 2700 2104 esse
2724 2049 3099 2119 quaerendam.

749 2117 1046 2239 Verffigm
1080 2118 1240 2181 enim,
1278 2136 1462 2174 ornnes
1495 2121 1698 2189 priores
1717 2121 2075 2174 Romanorum
2099 2122 2287 2199 poetas
2322 2118 2483 2187 longe
2519 2117 2940 2187 praecedentem,
2979 2133 3100 2172 cum

746 2185 855 2239 invi
897 2185 908 2198 ’
1025 2186 1280 2241 movisset
1301 2187 1482 2251 Bavio‚
1520 2189 1742 2251 Maevio,
1780 2187 1988 2250 Anseri,
2025 2186 2147 2241 aliis
2183 2186 2356 2257 poetis
2391 2187 2507 2254 ipso
2540 2185 2715 2239 multo
2750 2184 3102 2239 deterioribus

748 2254 806 2306 et
838 2269 872 2322 p
970 2255 1121 2307 terea
1153 2254 1532 2310 obtrectationi
1566 2258 1622 2311 et
1665 2255 1914 2310 conviciis
1956 2271 2137 2309 eorum
2181 2255 2452 2323 expositus
2496 2253 2712 2308 fuisset.
2769 2254 3101 2321 importunos

746 2320 871 2374 illos
906 2336 935 2374 e
994 2319 1051 2374 in
1119 2323 1206 2374 tos
1241 2323 1631 2379 obtrectatores
1665 2323 1763 2377 boc
1806 2323 2040 2377 carmine
2081 2322 2348 2390 castigare
2393 2320 2657 2389 simulque
2693 2320 2936 2381 Pollioni,
2981 2320 3098 2374 fau-

746 2388 852 2441 tori
893 2404 1016 2449 suo,
1112 2387 1309 2443 landiri
1344 2393 1402 2445 et
1437 2391 1659 2445 meritas
1690 2390 1899 2460 gratias
1970 2389 2232 2443 ersolvere
2275 2388 2530 2443 voluisse.
2592 2404 2650 2442 ex
2695 2404 2802 2458 qua
2834 2389 3102 2442 sententia

746 2455 902 2509 nobis
935 2455 1253 2510 sumendum
1305 2462 1475 2522 esset,
1537 2459 1637 2513 sub
1689 2407 2069 2512 altercanfium
2120 2459 2395 2526 pastorum
2476 2455 2677 2510 ersonis
2712 2457 3102 2510 obtrectatores

746 2523 872 2577 illos
904 2526 1094 2593 poetae
1128 2525 1299 2579 nostri
1333 2526 1528 2590 latere,
1574 2526 1951 2582 Palaemonem
1985 2528 2168 2585 antem
2205 2524 2374 2577 Asinii
2458 2523 2669 2578 ollionis
2704 2528 2886 2593 partes
2921 2539 3096 2593 agere,

747 2592 898 2645 cuius
933 2590 1148 2660 quidem
1201 2593 1463 2662 opinionis
1519 2594 1805 2649 veritatem
1856 2594 1912 2646 in
1960 2593 2134 2647 medio
2174 2591 2562 2662 relinquamus,
2624 2607 2948 2661 quamquam
3001 2590 3099 2646 hoc

744 2658 975 2729 Spohnio
1003 2725 1015 2738 ⁶
1028 2657 1263 2714 libenter
1301 2661 1664 2726 concedimnS‚
1721 2661 1791 2715 ad
1849 2660 1960 2714 tale
2018 2660 2348 2783 ffl⁰p⁰⁸itum
2402 2675 2522 2714 asse
2560 2659 2793 2713 nendum
2850 2658 3100 2713 carminis

745 2727 1018 2781 amoebae1
1074 2730 1325 2782 naturam
1382 2729 1548 2785 fuisse
1599 2729 1954 2799 aptissimam.
2091 2733 2235 2797 npta
2287 2726 2498 2782 videtur
2737 2726 2938 2796 Ecloga
2996 2727 3099 2781 sub

745 2796 1009 2849 aestatem
1045 2794 1173 2848 anni
1207 2799 1323 2851 712.
1357 2814 1411 2865 p.
1448 2796 1516 2852 U.
1555 2813 1601 2852 c.
1638 2797 1727 2863 (cf.
1764 2797 1908 2851 Diss.
1945 2793 2011 2850 de
2043 2795 2158 2849 vita
2191 2799 2249 2849 et
2281 2810 2503 2849 carmm.
2539 2794 2699 2863 Verg.
2735 2797 2864 2848 nota
2903 2797 3004 2860 19.)

858 2947 903 3000 ⁵)
932 2949 1179 2991 Amoebsei
1210 2951 1422 2991 carminis
1452 2951 1550 2991 sivo
1581 2951 1844 2992 auersos-nst
1874 2959 2071 2991 versuum
2104 2948 2220 2992 (Bel.
2254 2947 2350 2993 vn.
2383 2944 2473 2990 18.)
2504 2957 2561 3004 ea
2591 2952 2661 2988 est
2689 2948 2779 2994 lex,
2825 2950 2875 2987 ut
2903 2947 2992 2986 dno
3021 2956 3096 2986 cs·

745 3012 906 3047 nentes
936 3008 1165 3048 ultonem
1193 3011 1241 3047 et
1266 3007 1353 3048 sibi
1386 3008 1581 3049 invicem
1625 3008 1945 3057 respondeant.
2006 3006 2188 3055 Duplex
2227 3011 2384 3046 sutem
2431 3005 2650 3046 eimmodi
2681 3003 2925 3044 carminum
2956 3012 3099 3051 conus

746 3064 989 3114 reperitur.
1049 3064 1268 3129 Any-mn,
1298 3076 1389 3113 quo
1420 3065 1494 3106 iste
1529 3066 1666 3115 poeta
1696 3076 1802 3105 usus
1833 3069 1914 3112 est,
1944 3064 2008 3103 its
2040 3063 2300 3112 instituitur,
2332 3067 2395 3112 nt,
2426 3062 2502 3112 qui
2533 3061 2694 3111 incipit
2726 3070 2905 3109 canore,
2937 3060 3097 3109 paucis

748 3121 956 3170 (duobus,
999 3120 1158 3167 tribus.
1189 3123 1403 3172 quatuor)
1439 3122 1643 3164 versibus
1673 3122 1942 3163 sententiam
1974 3120 2175 3168 sliqnsm
2205 3120 2425 3168 proferat,
2456 3129 2590 3169 qnam
2620 3113 2737 3159 altei-
2766 3117 2951 3158 totidem
2998 3127 3095 3156 ver·

745 3177 871 3219 sibus
899 3183 981 3219 sut
1007 3178 1143 3220 latius
1167 3181 1468 3230 persequitur,
1500 3184 1581 3221 sut
1611 3179 1884 3221 eontrarium
1921 3186 2099 3226 ponens
2128 3176 2323 3227 rerunt,
2372 3176 2436 3215 its
2466 3182 2640 3224 umen,
2672 3179 2722 3215 ut
2749 3184 2926 3223 semper
2954 3174 3098 3215 mains

747 3235 919 3286 aliquid
949 3240 997 3276 et
1024 3236 1256 3285 pulchrius
1286 3237 1440 3278 dicere
1469 3242 1517 3278 et
1544 3238 1738 3287 priorem
1771 3237 1844 3275 vel
1878 3234 2050 3284 ingenii
2082 3235 2306 3282 acumine,
2356 3232 2429 3272 vel
2472 3232 2650 3274 dicendi
2696 3230 2934 3272 inminibus
2963 3241 3095 3279 snpe-

747 3302 852 3333 rsre
881 3293 1077 3334 studeat.
1137 3294 1236 3334 Non
1266 3300 1417 3335 autem
1448 3305 1562 3345 opus
1592 3300 1674 3343 ost,
1705 3299 1755 3334 nt
1784 3293 1939 3333 omnis
1966 3292 2058 3332 sint
2082 3291 2284 3332 eiusdem
2314 3290 2582 3340 argumenti,
2611 3289 2691 3329 sed
2721 3290 2766 3328 in
2798 3299 2887 3329 nno
2918 3289 3096 3329 eodem·

748 3359 837 3398 quo
867 3350 1068 3391 carnaim
1101 3359 1175 3391 res
1204 3351 1343 3401 plane
1373 3352 1582 3393 dives-ss·
1611 3356 1659 3392 et
1683 3351 1869 3391 minime
1899 3350 2018 3389 inter
2046 3358 2097 3389 so
2143 3350 2439 3389 cohaerentes
2484 3345 2666 3388 tractari
2714 3351 2913 3394 possunt.
2974 3344 3096 3386 Alto·

748 3418 846 3447 rum
876 3411 1027 3448 sutem
1057 3416 1199 3457 tonus
1229 3407 1307 3457 (sd
1337 3410 1457 3459 quod
1486 3409 1584 3450 Dei.
1617 3409 1668 3450 V.
1699 3411 1751 3448 et
1779 3407 1901 3448 vm.
1934 3406 2182 3456 pertinent)
2213 3406 2278 3445 its
2308 3409 2378 3444 est
2407 3408 2729 3453 comparatum,
2761 3407 2810 3443 ut
2839 3403 2924 3442 dno
2956 3402 3095 3442 homi-

746 3474 830 3505 nes
859 3463 1140 3514 longioribus
1168 3465 1444 3507 carminibus
1474 3471 1553 3507 snt
1582 3476 1672 3506 nno
1703 3470 1862 3506 tenore
1896 3462 2085 3514 prolatis
2133 3461 2204 3510 (ut
2235 3461 2332 3502 Bel.
2366 3460 2421 3513 V,
2453 3459 2636 3502 20—44.
2668 3464 2715 3501 et
2744 3456 2973 3510 56-80.›‚
3019 3463 3098 3500 aut

745 3523 794 3561 in
824 3521 1026 3570 singulus
1069 3522 1253 3562 totidem
1285 3532 1495 3565 versnnsn
1524 3523 1733 3573 strophas
1764 3531 1898 3561 versu
1944 3520 2231 3570 intercalari,
2275 3528 2409 3568 quom
2441 3523 2629 3569 vocant,
2672 3517 2897 3557 seiunctas
2942 3516 3098 3556 divisis

746 3580 819 3623 (ut
847 3578 946 3619 Eoi.
976 3578 1123 3631 vm.)
1166 3579 1407 3624 altomont.
1467 3582 1539 3622 Do
1582 3580 1759 3631 legibus
1801 3582 1963 3620 cantus
2010 3577 2243 3618 smoebsei
2272 3575 2332 3617 ci.
2367 3574 2581 3617 Gebsuer
2610 3577 2665 3616 do
2695 3575 2816 3624 poet.
2848 3577 2936 3614 otc.
2978 3574 3017 3614 1.
3050 3583 3094 3623 p.

753 3634 836 3677 176
864 3645 965 3686 sqq.

881 3921 1520 4025 MENALCAS.
1602 3922 2237 4024 DAMOETAS.
2320 3918 2960 4020 PALAEMON.

1690 4229 2139 4279 MENALCAs

752 4331 881 4398 Dic
923 4331 1101 4414 mihi,
1146 4329 1492 4413 Damoeta,
1538 4331 1749 4396 cuium
1794 4351 1992 4416 pecus
2010 4327 2043 4392 ⁴?
2090 4349 2174 4392 an
2213 4323 2567 4390 Meliboei?

889 4532 935 4591 1.
994 4533 1079 4587 Cf.
1119 4531 1334 4587 Theocr.
1372 4531 1466 4594 IV,
1522 4533 1539 4583 1
1580 4547 1641 4600 sq
1684 4571 1696 4583 .
1758 4528 1968 4583 cuium
1996 4544 2214 4598 pecus.
2275 4522 2614 4579 Adiectivum
2657 4521 2835 4582 cuius,
2885 4539 2945 4581 a,
2990 4536 3096 4580 um.

755 4616 860 4671 quo
888 4601 1184 4655 utebantur
1226 4617 1323 4670 pro
1370 4598 1618 4654 Genitivo
1734 4594 1995 4651 onominis
2030 4596 2130 4666 qui
2139 4636 2151 4659 ,
2198 4611 2363 4664 quac,
2403 4590 2577 4663 quod,
2638 4590 2707 4644 ad
2745 4603 3100 4659 possessorem
