<?xml version="1.0" encoding="UTF-8"?>
<!DOCTYPE html PUBLIC "-//W3C//DTD XHTML 1.0 Transitional//EN"
    "http://www.w3.org/TR/xhtml1/DTD/xhtml1-transitional.dtd">
<html xmlns="http://www.w3.org/1999/xhtml" xml:lang="en" lang="en">
 <head>
  <title>
</title>
<meta http-equiv="Content-Type" content="text/html;charset=utf-8" />
  <meta name='ocr-system' content='tesseract 3.04.00' />
  <meta name='ocr-capabilities' content='ocr_page ocr_carea ocr_par ocr_line ocrx_word'/>
</head>
<body>
  <div class='ocr_page' id='page_1' title='image "./pvergilimaronis16virggoog_0184.png"; bbox 0 0 3616 5026; ppageno 0'>
   <div class='ocr_carea' id='block_1_1' title="bbox 577 275 2191 346">
    <p class='ocr_par' dir='ltr' id='par_1_1' title="bbox 577 275 2191 346">
     <span class='ocr_line' id='line_1_1' title="bbox 577 275 2191 346; baseline 0.001 -3"><span class='ocrx_word' id='word_1_1' title='bbox 577 282 693 343; x_wconf 88' lang='grc'>174</span> <span class='ocrx_word' id='word_1_2' title='bbox 1269 279 1340 344; x_wconf 90' lang='lat' dir='ltr'>P.</span> <span class='ocrx_word' id='word_1_3' title='bbox 1386 275 1754 343; x_wconf 85' lang='lat' dir='ltr'><strong>VERGILI</strong></span> <span class='ocrx_word' id='word_1_4' title='bbox 1794 278 2191 346; x_wconf 82' lang='lat' dir='ltr'><strong>MARONIS</strong></span> 
     </span>
    </p>
   </div>
   <div class='ocr_carea' id='block_1_2' title="bbox 566 441 2893 1112">
    <p class='ocr_par' dir='ltr' id='par_1_2' title="bbox 569 441 2348 530">
     <span class='ocr_line' id='line_1_2' title="bbox 569 441 2348 530; baseline 0.001 -24"><span class='ocrx_word' id='word_1_5' title='bbox 569 441 677 506; x_wconf 89' lang='lat' dir='ltr'>Me</span> <span class='ocrx_word' id='word_1_6' title='bbox 719 444 857 507; x_wconf 87' lang='lat' dir='ltr'>sine</span> <span class='ocrx_word' id='word_1_7' title='bbox 901 441 1040 507; x_wconf 90' lang='lat' dir='ltr'>sola</span> <span class='ocrx_word' id='word_1_8' title='bbox 1080 442 1279 507; x_wconf 86' lang='lat' dir='ltr'>vides.</span> <span class='ocrx_word' id='word_1_9' title='bbox 1365 443 1470 507; x_wconf 87' lang='lat' dir='ltr'>Ah</span> <span class='ocrx_word' id='word_1_10' title='bbox 1491 493 1509 525; x_wconf 92' lang='lat'>,</span> <span class='ocrx_word' id='word_1_11' title='bbox 1551 454 1615 508; x_wconf 87' lang='lat' dir='ltr'>te</span> <span class='ocrx_word' id='word_1_12' title='bbox 1653 465 1735 507; x_wconf 90' lang='lat' dir='ltr'>ne</span> <span class='ocrx_word' id='word_1_13' title='bbox 1768 445 2017 530; x_wconf 88' lang='lat' dir='ltr'>frigora</span> <span class='ocrx_word' id='word_1_14' title='bbox 2057 443 2348 509; x_wconf 81' lang='lat' dir='ltr'><strong>laedant!</strong></span> 
     </span>
    </p>

    <p class='ocr_par' dir='ltr' id='par_1_3' title="bbox 569 524 2433 615">
     <span class='ocr_line' id='line_1_3' title="bbox 569 524 2433 615; baseline 0 -26"><span class='ocrx_word' id='word_1_15' title='bbox 569 524 706 605; x_wconf 86' lang='lat' dir='ltr'>Ah,</span> <span class='ocrx_word' id='word_1_16' title='bbox 762 524 884 590; x_wconf 87' lang='lat' dir='ltr'>tibi</span> <span class='ocrx_word' id='word_1_17' title='bbox 938 548 1021 590; x_wconf 91' lang='lat' dir='ltr'>ne</span> <span class='ocrx_word' id='word_1_18' title='bbox 1062 537 1315 590; x_wconf 83' lang='lat' dir='ltr'>teneras</span> <span class='ocrx_word' id='word_1_19' title='bbox 1360 526 1600 612; x_wconf 83' lang='lat' dir='ltr'>glacies</span> <span class='ocrx_word' id='word_1_20' title='bbox 1646 539 1819 591; x_wconf 89' lang='lat' dir='ltr'>secet</span> <span class='ocrx_word' id='word_1_21' title='bbox 1862 550 2097 614; x_wconf 90' lang='lat' dir='ltr'>aspera</span> <span class='ocrx_word' id='word_1_22' title='bbox 2138 527 2433 615; x_wconf 70' lang='lat' dir='ltr'>plantas!</span> 
     </span>
    </p>

    <p class='ocr_par' dir='ltr' id='par_1_4' title="bbox 568 606 2893 778">
     <span class='ocr_line' id='line_1_4' title="bbox 568 606 2893 695; baseline 0 -23"><span class='ocrx_word' id='word_1_23' title='bbox 568 606 684 672; x_wconf 92' lang='lat' dir='ltr'>Ibo</span> <span class='ocrx_word' id='word_1_24' title='bbox 729 617 793 673; x_wconf 87' lang='lat' dir='ltr'>et</span> <span class='ocrx_word' id='word_1_25' title='bbox 836 606 1212 674; x_wconf 86' lang='lat' dir='ltr'>Chalcidico</span> <span class='ocrx_word' id='word_1_26' title='bbox 1254 632 1420 695; x_wconf 89' lang='lat' dir='ltr'>quae</span> <span class='ocrx_word' id='word_1_27' title='bbox 1464 620 1609 674; x_wconf 89' lang='lat' dir='ltr'>sunt</span> <span class='ocrx_word' id='word_1_28' title='bbox 1649 610 1807 675; x_wconf 90' lang='lat' dir='ltr'>mihi</span> <span class='ocrx_word' id='word_1_29' title='bbox 1852 610 2111 675; x_wconf 83' lang='lat' dir='ltr'>condita</span> <span class='ocrx_word' id='word_1_30' title='bbox 2151 634 2344 676; x_wconf 87' lang='lat' dir='ltr'>versu</span> <span class='ocrx_word' id='word_1_31' title='bbox 2829 626 2893 674; x_wconf 84' lang='lat'>50</span> 
     </span>
     <span class='ocr_line' id='line_1_5' title="bbox 571 688 2140 778; baseline 0.003 -24"><span class='ocrx_word' id='word_1_32' title='bbox 571 688 882 756; x_wconf 84' lang='lat' dir='ltr'>Carmina</span> <span class='ocrx_word' id='word_1_33' title='bbox 922 695 1203 778; x_wconf 89' lang='lat' dir='ltr'>pastoris</span> <span class='ocrx_word' id='word_1_34' title='bbox 1249 692 1449 757; x_wconf 80' lang='lat' dir='ltr'>Siculi</span> <span class='ocrx_word' id='word_1_35' title='bbox 1493 692 1874 758; x_wconf 84' lang='lat' dir='ltr'>modulabor</span> <span class='ocrx_word' id='word_1_36' title='bbox 1917 717 2140 759; x_wconf 85' lang='lat' dir='ltr'>avena.</span> 
     </span>
    </p>

    <p class='ocr_par' dir='ltr' id='par_1_5' title="bbox 572 772 2188 875">
     <span class='ocr_line' id='line_1_6' title="bbox 572 772 2188 875; baseline 0.002 -37"><span class='ocrx_word' id='word_1_37' title='bbox 572 772 835 839; x_wconf 81' lang='lat' dir='ltr'>Certum</span> <span class='ocrx_word' id='word_1_38' title='bbox 881 785 979 839; x_wconf 90' lang='lat' dir='ltr'>est</span> <span class='ocrx_word' id='word_1_39' title='bbox 1036 776 1102 838; x_wconf 89' lang='lat' dir='ltr'>in</span> <span class='ocrx_word' id='word_1_40' title='bbox 1148 776 1347 856; x_wconf 74' lang='lat' dir='ltr'>silvis,</span> <span class='ocrx_word' id='word_1_41' title='bbox 1390 778 1557 840; x_wconf 89' lang='lat' dir='ltr'>inter</span> <span class='ocrx_word' id='word_1_42' title='bbox 1603 776 1862 875; x_wconf 84' lang='lat' dir='ltr'>spelaea</span> <span class='ocrx_word' id='word_1_43' title='bbox 1905 782 2188 841; x_wconf 83' lang='lat' dir='ltr'>ferarum</span> 
     </span>
    </p>

    <p class='ocr_par' dir='ltr' id='par_1_6' title="bbox 568 856 2229 945">
     <span class='ocr_line' id='line_1_7' title="bbox 568 856 2229 945; baseline 0.002 -25"><span class='ocrx_word' id='word_1_44' title='bbox 568 856 764 921; x_wconf 89' lang='lat' dir='ltr'>Malle</span> <span class='ocrx_word' id='word_1_45' title='bbox 848 859 939 922; x_wconf 89' lang='lat' dir='ltr'>ati</span> <span class='ocrx_word' id='word_1_46' title='bbox 992 862 1354 945; x_wconf 83' lang='lat' dir='ltr'>tenerisque</span> <span class='ocrx_word' id='word_1_47' title='bbox 1409 881 1584 923; x_wconf 90' lang='lat' dir='ltr'>meos</span> <span class='ocrx_word' id='word_1_48' title='bbox 1633 858 1920 924; x_wconf 82' lang='lat' dir='ltr'>incidere</span> <span class='ocrx_word' id='word_1_49' title='bbox 1976 883 2229 924; x_wconf 89' lang='lat' dir='ltr'>amores</span> 
     </span>
    </p>

    <p class='ocr_par' dir='ltr' id='par_1_7' title="bbox 566 939 2183 1022">
     <span class='ocr_line' id='line_1_8' title="bbox 566 939 2183 1022; baseline 0.002 -18"><span class='ocrx_word' id='word_1_50' title='bbox 566 939 808 1005; x_wconf 88' lang='lat' dir='ltr'>Arbori</span> <span class='ocrx_word' id='word_1_51' title='bbox 857 963 970 1014; x_wconf 87' lang='lat' dir='ltr'>us;</span> <span class='ocrx_word' id='word_1_52' title='bbox 1012 952 1300 1006; x_wconf 80' lang='lat' dir='ltr'>crescent</span> <span class='ocrx_word' id='word_1_53' title='bbox 1341 941 1508 1022; x_wconf 86' lang='lat' dir='ltr'>illae,</span> <span class='ocrx_word' id='word_1_54' title='bbox 1541 944 1861 1022; x_wconf 88' lang='lat' dir='ltr'>crescetis,</span> <span class='ocrx_word' id='word_1_55' title='bbox 1910 965 2183 1007; x_wconf 79' lang='lat' dir='ltr'>amoreS.</span> 
     </span>
    </p>

    <p class='ocr_par' dir='ltr' id='par_1_8' title="bbox 566 1022 2891 1112">
     <span class='ocr_line' id='line_1_9' title="bbox 566 1022 2891 1112; baseline -0 -25"><span class='ocrx_word' id='word_1_56' title='bbox 566 1022 821 1089; x_wconf 86' lang='lat' dir='ltr'>Interea</span> <span class='ocrx_word' id='word_1_57' title='bbox 861 1026 1086 1089; x_wconf 84' lang='lat' dir='ltr'><strong>mixtis</strong></span> <span class='ocrx_word' id='word_1_58' title='bbox 1149 1024 1436 1090; x_wconf 85' lang='lat' dir='ltr'>lustrabo</span> <span class='ocrx_word' id='word_1_59' title='bbox 1498 1023 1800 1090; x_wconf 85' lang='lat' dir='ltr'>Maenala</span> <span class='ocrx_word' id='word_1_60' title='bbox 1841 1026 2162 1112; x_wconf 81' lang='lat' dir='ltr'>Nymphis</span> <span class='ocrx_word' id='word_1_61' title='bbox 2828 1038 2891 1087; x_wconf 85' lang='lat'>55</span> 
     </span>
    </p>
   </div>
   <div class='ocr_carea' id='block_1_3' title="bbox 566 1142 980 1155">
    <p class='ocr_par' dir='ltr' id='par_1_9' title="bbox 566 1142 980 1155">
     <span class='ocr_line' id='line_1_10' title="bbox 566 1142 980 1155; baseline 0 0"><span class='ocrx_word' id='word_1_62' title='bbox 566 1142 980 1155; x_wconf 95' lang='lat' dir='ltr'> </span> 
     </span>
    </p>
   </div>
   <div class='ocr_carea' id='block_1_4' title="bbox 545 1187 2893 4711">
    <p class='ocr_par' dir='ltr' id='par_1_10' title="bbox 562 1187 2893 1609">
     <span class='ocr_line' id='line_1_11' title="bbox 565 1187 2889 1309; baseline -0 -66"><span class='ocrx_word' id='word_1_63' title='bbox 565 1187 697 1258; x_wconf 83' lang='lat' dir='ltr'>phil.</span> <span class='ocrx_word' id='word_1_64' title='bbox 735 1205 899 1259; x_wconf 89' lang='lat' dir='ltr'>supra</span> <span class='ocrx_word' id='word_1_65' title='bbox 929 1188 1076 1243; x_wconf 82' lang='lat' dir='ltr'>laud.</span> <span class='ocrx_word' id='word_1_66' title='bbox 1115 1194 1169 1244; x_wconf 88' lang='lat' dir='ltr'>et</span> <span class='ocrx_word' id='word_1_67' title='bbox 1203 1206 1338 1259; x_wconf 87' lang='lat' dir='ltr'>quae</span> <span class='ocrx_word' id='word_1_68' title='bbox 1376 1190 1594 1260; x_wconf 88' lang='lat' dir='ltr'>opponit</span> <span class='ocrx_word' id='word_1_69' title='bbox 1627 1189 1872 1244; x_wconf 89' lang='lat' dir='ltr'>Gebauer</span> <span class='ocrx_word' id='word_1_70' title='bbox 1909 1189 1947 1243; x_wconf 90' lang='lat' dir='ltr'>l.</span> <span class='ocrx_word' id='word_1_71' title='bbox 1985 1188 2025 1243; x_wconf 91' lang='lat' dir='ltr'>l.</span> <span class='ocrx_word' id='word_1_72' title='bbox 2066 1207 2118 1259; x_wconf 88' lang='lat' dir='ltr'>p.</span> <span class='ocrx_word' id='word_1_73' title='bbox 2159 1192 2298 1244; x_wconf 62' lang='grc'><strong>122.)</strong></span> <span class='ocrx_word' id='word_1_74' title='bbox 2356 1188 2772 1309; x_wconf 52' lang='grc' dir='ltr'><strong>Ρεετ111.ἦ47.</strong></span> <span class='ocrx_word' id='word_1_75' title='bbox 2807 1195 2889 1242; x_wconf 87' lang='lat' dir='ltr'>to-</span> 
     </span>
     <span class='ocr_line' id='line_1_12' title="bbox 564 1256 2893 1312; baseline 0 -2"><span class='ocrx_word' id='word_1_76' title='bbox 564 1259 684 1310; x_wconf 79' lang='lat' dir='ltr'>tum</span> <span class='ocrx_word' id='word_1_77' title='bbox 717 1257 893 1311; x_wconf 82' lang='lat' dir='ltr'>locum</span> <span class='ocrx_word' id='word_1_78' title='bbox 930 1256 1014 1310; x_wconf 85' lang='lat' dir='ltr'>his</span> <span class='ocrx_word' id='word_1_79' title='bbox 1056 1257 1371 1311; x_wconf 82' lang='lat' dir='ltr'>coniecturis</span> <span class='ocrx_word' id='word_1_80' title='bbox 1410 1259 1644 1312; x_wconf 75' lang='lat' dir='ltr'>vexavit:</span> <span class='ocrx_word' id='word_1_81' title='bbox 1703 1259 1870 1311; x_wconf 83' lang='lat' dir='ltr'>Nunc</span> <span class='ocrx_word' id='word_1_82' title='bbox 1918 1259 2143 1310; x_wconf 74' lang='lat' dir='ltr'>insanus</span> <span class='ocrx_word' id='word_1_83' title='bbox 2184 1275 2342 1311; x_wconf 83' lang='lat' dir='ltr'>amor</span> <span class='ocrx_word' id='word_1_84' title='bbox 2383 1258 2520 1311; x_wconf 81' lang='lat' dir='ltr'>duri</span> <span class='ocrx_word' id='word_1_85' title='bbox 2679 1259 2893 1311; x_wconf 71' lang='lat' dir='ltr'>cortis</span> 
     </span>
     <span class='ocr_line' id='line_1_13' title="bbox 564 1324 2892 1396; baseline 0 -20"><span class='ocrx_word' id='word_1_86' title='bbox 564 1324 624 1377; x_wconf 81' lang='lat' dir='ltr'>in</span> <span class='ocrx_word' id='word_1_87' title='bbox 656 1325 826 1379; x_wconf 75' lang='lat' dir='ltr'>armis</span> <span class='ocrx_word' id='word_1_88' title='bbox 865 1326 947 1379; x_wconf 90' lang='lat' dir='ltr'>Te</span> <span class='ocrx_word' id='word_1_89' title='bbox 972 1328 1177 1396; x_wconf 80' lang='lat' dir='ltr'>procul</span> <span class='ocrx_word' id='word_1_90' title='bbox 1209 1345 1245 1378; x_wconf 85' lang='lat' dir='ltr'>a</span> <span class='ocrx_word' id='word_1_91' title='bbox 1272 1327 1468 1396; x_wconf 80' lang='lat' dir='ltr'>patria</span> <span class='ocrx_word' id='word_1_92' title='bbox 1506 1339 1623 1388; x_wconf 70' lang='lat' dir='ltr'>(nec</span> <span class='ocrx_word' id='word_1_93' title='bbox 1654 1327 1725 1379; x_wconf 72' lang='lat' dir='ltr'>sit</span> <span class='ocrx_word' id='word_1_94' title='bbox 1753 1327 2144 1392; x_wconf 70' lang='lat' dir='ltr'>mihim-edere,</span> <span class='ocrx_word' id='word_1_95' title='bbox 2224 1326 2536 1380; x_wconf 65' lang='lat' dir='ltr'>uantumli</span> <span class='ocrx_word' id='word_1_96' title='bbox 2578 1324 2716 1378; x_wconf 81' lang='lat' dir='ltr'>Tela</span> <span class='ocrx_word' id='word_1_97' title='bbox 2749 1325 2892 1377; x_wconf 77' lang='lat' dir='ltr'>inter</span> 
     </span>
     <span class='ocr_line' id='line_1_14' title="bbox 563 1392 2888 1463; baseline 0 -17"><span class='ocrx_word' id='word_1_98' title='bbox 563 1397 666 1446; x_wconf 87' lang='lat' dir='ltr'>etc.</span> <span class='ocrx_word' id='word_1_99' title='bbox 703 1395 758 1446; x_wconf 88' lang='lat' dir='ltr'>et</span> <span class='ocrx_word' id='word_1_100' title='bbox 794 1392 1020 1447; x_wconf 81' lang='lat' dir='ltr'>Kalmus</span> <span class='ocrx_word' id='word_1_101' title='bbox 1057 1392 1238 1448; x_wconf 84' lang='lat' dir='ltr'>Exere.</span> <span class='ocrx_word' id='word_1_102' title='bbox 1284 1395 1400 1447; x_wconf 88' lang='lat' dir='ltr'>crit.</span> <span class='ocrx_word' id='word_1_103' title='bbox 1434 1411 1487 1463; x_wconf 86' lang='lat' dir='ltr'>p.</span> <span class='ocrx_word' id='word_1_104' title='bbox 1529 1397 1576 1446; x_wconf 88' lang='lat'>3.</span> <span class='ocrx_word' id='word_1_105' title='bbox 1626 1393 1863 1447; x_wconf 88' lang='lat' dir='ltr'>nondum</span> <span class='ocrx_word' id='word_1_106' title='bbox 1909 1395 2042 1446; x_wconf 89' lang='lat' dir='ltr'>satis</span> <span class='ocrx_word' id='word_1_107' title='bbox 2089 1409 2185 1462; x_wconf 80' lang='lat' dir='ltr'>exp</span> <span class='ocrx_word' id='word_1_108' title='bbox 2211 1399 2420 1447; x_wconf 89' lang='lat' dir='ltr'>oratum</span> <span class='ocrx_word' id='word_1_109' title='bbox 2462 1392 2648 1454; x_wconf 85' lang='lat' dir='ltr'>habet,</span> <span class='ocrx_word' id='word_1_110' title='bbox 2704 1397 2888 1446; x_wconf 90' lang='lat' dir='ltr'>utrum</span> 
     </span>
     <span class='ocr_line' id='line_1_15' title="bbox 562 1459 2891 1540; baseline 0 -27"><span class='ocrx_word' id='word_1_111' title='bbox 562 1459 837 1514; x_wconf 82' lang='lat' dir='ltr'>Ribbeckii</span> <span class='ocrx_word' id='word_1_112' title='bbox 873 1461 1141 1515; x_wconf 85' lang='lat' dir='ltr'>sententia</span> <span class='ocrx_word' id='word_1_113' title='bbox 1178 1461 1476 1530; x_wconf 85' lang='lat' dir='ltr'>probanda,</span> <span class='ocrx_word' id='word_1_114' title='bbox 1526 1477 1594 1514; x_wconf 88' lang='lat' dir='ltr'>an</span> <span class='ocrx_word' id='word_1_115' title='bbox 1631 1478 1681 1514; x_wconf 76' lang='lat' dir='ltr'>v.</span> <span class='ocrx_word' id='word_1_116' title='bbox 1719 1467 1803 1514; x_wconf 84' lang='grc'>46.</span> <span class='ocrx_word' id='word_1_117' title='bbox 1851 1477 1946 1540; x_wconf 86' lang='lat' dir='ltr'>per</span> <span class='ocrx_word' id='word_1_118' title='bbox 1991 1461 2212 1515; x_wconf 86' lang='lat' dir='ltr'>coniect.</span> <span class='ocrx_word' id='word_1_119' title='bbox 2262 1459 2600 1514; x_wconf 88' lang='lat' dir='ltr'>scribendum</span> <span class='ocrx_word' id='word_1_120' title='bbox 2644 1460 2745 1514; x_wconf 84' lang='lat' dir='ltr'>sit:</span> <span class='ocrx_word' id='word_1_121' title='bbox 2793 1478 2891 1513; x_wconf 77' lang='lat' dir='ltr'>nec</span> 
     </span>
     <span class='ocr_line' id='line_1_16' title="bbox 563 1527 2890 1609; baseline 0 -28"><span class='ocrx_word' id='word_1_122' title='bbox 563 1529 668 1581; x_wconf 80' lang='lat' dir='ltr'>erit</span> <span class='ocrx_word' id='word_1_123' title='bbox 701 1529 976 1581; x_wconf 71' lang='lat' dir='ltr'>crudelius</span> <span class='ocrx_word' id='word_1_124' title='bbox 1010 1546 1050 1609; x_wconf 71' lang='lat' dir='ltr'>u</span> <span class='ocrx_word' id='word_1_125' title='bbox 1118 1598 1127 1608; x_wconf 32' lang='lat'>²</span> <span class='ocrx_word' id='word_1_126' title='bbox 1196 1547 1263 1581; x_wconf 84' lang='lat' dir='ltr'>m.</span> <span class='ocrx_word' id='word_1_127' title='bbox 1301 1532 1362 1590; x_wconf 75' lang='grc'>(1)</span> <span class='ocrx_word' id='word_1_128' title='bbox 1397 1561 1462 1569; x_wconf 88' lang='grc'>-</span> <span class='ocrx_word' id='word_1_129' title='bbox 1508 1527 1600 1586; x_wconf 87' lang='grc'>48.</span> <span class='ocrx_word' id='word_1_130' title='bbox 1640 1528 1722 1582; x_wconf 85' lang='lat' dir='ltr'>Cf.</span> <span class='ocrx_word' id='word_1_131' title='bbox 1761 1529 1951 1582; x_wconf 79' lang='lat' dir='ltr'>similis</span> <span class='ocrx_word' id='word_1_132' title='bbox 1990 1528 2165 1583; x_wconf 82' lang='lat' dir='ltr'>Ovidii</span> <span class='ocrx_word' id='word_1_133' title='bbox 2201 1528 2349 1581; x_wconf 85' lang='lat' dir='ltr'>locus</span> <span class='ocrx_word' id='word_1_134' title='bbox 2386 1528 2515 1582; x_wconf 74' lang='lat' dir='ltr'>Met.</span> <span class='ocrx_word' id='word_1_135' title='bbox 2551 1528 2595 1592; x_wconf 94' lang='grc' dir='ltr'>Ι,</span> <span class='ocrx_word' id='word_1_136' title='bbox 2632 1532 2747 1581; x_wconf 84' lang='grc'><strong>508.</strong></span> <span class='ocrx_word' id='word_1_137' title='bbox 2790 1544 2890 1581; x_wconf 73' lang='lat' dir='ltr'>uec</span> 
     </span>
    </p>

    <p class='ocr_par' dir='ltr' id='par_1_11' title="bbox 633 1598 2890 1744">
     <span class='ocr_line' id='line_1_17' title="bbox 633 1598 2890 1744; baseline 0 -29"><span class='ocrx_word' id='word_1_138' title='bbox 633 1598 1098 1743; x_wconf 47' lang='lat' dir='ltr'>qiuloocilffnadl&#39;rbp.</span> <span class='ocrx_word' id='word_1_139' title='bbox 1164 1705 1176 1722; x_wconf 90' lang='lat'>.</span> <span class='ocrx_word' id='word_1_140' title='bbox 1217 1667 1264 1744; x_wconf 72' lang='lat'>8:</span> <span class='ocrx_word' id='word_1_141' title='bbox 1307 1668 1351 1718; x_wconf 90' lang='grc'>7.</span> <span class='ocrx_word' id='word_1_142' title='bbox 1408 1664 1495 1716; x_wconf 84' lang='lat' dir='ltr'>Tu</span> <span class='ocrx_word' id='word_1_143' title='bbox 1522 1665 1760 1744; x_wconf 68' lang='lat' dir='ltr'>pedibus</span> <span class='ocrx_word' id='word_1_144' title='bbox 1796 1665 1991 1718; x_wconf 52' lang='lat' dir='ltr'>teneras</span> <span class='ocrx_word' id='word_1_145' title='bbox 2017 1664 2235 1734; x_wconf 72' lang='lat' dir='ltr'>positas</span> <span class='ocrx_word' id='word_1_146' title='bbox 2264 1664 2471 1728; x_wconf 76' lang='lat' dir='ltr'>fulcire</span> <span class='ocrx_word' id='word_1_147' title='bbox 2499 1680 2762 1733; x_wconf 68' lang='lat' dir='ltr'>priam,</span> <span class='ocrx_word' id='word_1_148' title='bbox 2804 1663 2890 1716; x_wconf 82' lang='lat' dir='ltr'>Tu</span> 
     </span>
    </p>

    <p class='ocr_par' dir='ltr' id='par_1_12' title="bbox 638 1729 2886 1800">
     <span class='ocr_line' id='line_1_18' title="bbox 638 1729 2886 1800; baseline 0 -16"><span class='ocrx_word' id='word_1_149' title='bbox 638 1738 716 1784; x_wconf 76' lang='lat' dir='ltr'>tes</span> <span class='ocrx_word' id='word_1_150' title='bbox 747 1732 1000 1785; x_wconf 64' lang='lat' dir='ltr'>insolutas</span> <span class='ocrx_word' id='word_1_151' title='bbox 1056 1732 1302 1800; x_wconf 72' lang='lat' dir='ltr'>Cynthia,</span> <span class='ocrx_word' id='word_1_152' title='bbox 1339 1735 1488 1795; x_wconf 78' lang='lat' dir='ltr'>ferre</span> <span class='ocrx_word' id='word_1_153' title='bbox 1520 1732 1705 1784; x_wconf 70' lang='lat' dir='ltr'>moes?</span> <span class='ocrx_word' id='word_1_154' title='bbox 1739 1761 1803 1770; x_wconf 91' lang='lat'>—</span> <span class='ocrx_word' id='word_1_155' title='bbox 1863 1730 1955 1791; x_wconf 78' lang='grc'><strong>50.</strong></span> <span class='ocrx_word' id='word_1_156' title='bbox 2007 1730 2460 1796; x_wconf 68' lang='lat' dir='ltr'>„Chalcidico</span> <span class='ocrx_word' id='word_1_157' title='bbox 2494 1747 2715 1798; x_wconf 76' lang='lat' dir='ltr'>versu,</span> <span class='ocrx_word' id='word_1_158' title='bbox 2751 1729 2805 1784; x_wconf 88' lang='lat' dir='ltr'>h.</span> <span class='ocrx_word' id='word_1_159' title='bbox 2841 1747 2886 1784; x_wconf 93' lang='lat' dir='ltr'>e.</span> 
     </span>
    </p>

    <p class='ocr_par' dir='ltr' id='par_1_13' title="bbox 545 1773 2888 3945">
     <span class='ocr_line' id='line_1_19' title="bbox 607 1773 2888 1867; baseline 0 -16"><span class='ocrx_word' id='word_1_160' title='bbox 607 1796 910 1867; x_wconf 86' lang='lat' dir='ltr'>uphorionis</span> <span class='ocrx_word' id='word_1_161' title='bbox 947 1773 1201 1853; x_wconf 72' lang='lat' dir='ltr'>Cbalcide</span> <span class='ocrx_word' id='word_1_162' title='bbox 1235 1799 1464 1861; x_wconf 78' lang='lat' dir='ltr'>oriundI,</span> <span class='ocrx_word' id='word_1_163' title='bbox 1510 1799 1621 1853; x_wconf 83' lang='lat' dir='ltr'>sive</span> <span class='ocrx_word' id='word_1_164' title='bbox 1652 1799 1843 1853; x_wconf 81' lang='lat' dir='ltr'>Latine</span> <span class='ocrx_word' id='word_1_165' title='bbox 1876 1797 2111 1860; x_wconf 85' lang='lat' dir='ltr'>reddit0,</span> <span class='ocrx_word' id='word_1_166' title='bbox 2161 1799 2271 1852; x_wconf 83' lang='lat' dir='ltr'>sive</span> <span class='ocrx_word' id='word_1_167' title='bbox 2312 1798 2610 1851; x_wconf 83' lang='lat' dir='ltr'>imitatione</span> <span class='ocrx_word' id='word_1_168' title='bbox 2643 1814 2888 1867; x_wconf 87' lang='lat' dir='ltr'>expresso</span> 
     </span>
     <span class='ocr_line' id='line_1_20' title="bbox 561 1865 2888 1936; baseline 0 -17"><span class='ocrx_word' id='word_1_169' title='bbox 561 1865 722 1934; x_wconf 80' lang='lat' dir='ltr'>(quod</span> <span class='ocrx_word' id='word_1_170' title='bbox 756 1865 963 1920; x_wconf 89' lang='lat' dir='ltr'>Probus</span> <span class='ocrx_word' id='word_1_171' title='bbox 996 1866 1202 1920; x_wconf 85' lang='lat' dir='ltr'>firmat:</span> <span class='ocrx_word' id='word_1_172' title='bbox 1248 1867 1596 1936; x_wconf 79' lang='lat' dir='ltr'>Euphorion,</span> <span class='ocrx_word' id='word_1_173' title='bbox 1635 1868 1786 1920; x_wconf 72' lang='lat' dir='ltr'>cuivs</span> <span class='ocrx_word' id='word_1_174' title='bbox 1819 1869 1878 1920; x_wconf 75' lang='lat' dir='ltr'>in</span> <span class='ocrx_word' id='word_1_175' title='bbox 1911 1867 2196 1920; x_wconf 74' lang='lat' dir='ltr'>scribendo</span> <span class='ocrx_word' id='word_1_176' title='bbox 2235 1867 2474 1920; x_wconf 82' lang='lat' dir='ltr'>colorem</span> <span class='ocrx_word' id='word_1_177' title='bbox 2504 1874 2712 1919; x_wconf 69' lang='lat' dir='ltr'>seciam-s</span> <span class='ocrx_word' id='word_1_178' title='bbox 2740 1866 2888 1919; x_wconf 82' lang='lat' dir='ltr'>vide·</span> 
     </span>
     <span class='ocr_line' id='line_1_21' title="bbox 560 1932 2884 2004; baseline 0 -18"><span class='ocrx_word' id='word_1_179' title='bbox 560 1940 649 1985; x_wconf 79' lang='lat' dir='ltr'>tur</span> <span class='ocrx_word' id='word_1_180' title='bbox 684 1932 924 1996; x_wconf 60' lang='lat' dir='ltr'>Gallus),</span> <span class='ocrx_word' id='word_1_181' title='bbox 961 1937 1018 1987; x_wconf 88' lang='lat' dir='ltr'>et</span> <span class='ocrx_word' id='word_1_182' title='bbox 1053 1934 1266 2004; x_wconf 89' lang='lat' dir='ltr'>quidem</span> <span class='ocrx_word' id='word_1_183' title='bbox 1300 1934 1366 1988; x_wconf 91' lang='lat' dir='ltr'>de</span> <span class='ocrx_word' id='word_1_184' title='bbox 1398 1934 1641 2003; x_wconf 83' lang='lat' dir='ltr'>Apolline</span> <span class='ocrx_word' id='word_1_185' title='bbox 1665 1935 1874 2003; x_wconf 79' lang='lat' dir='ltr'>Gryneo</span> <span class='ocrx_word' id='word_1_186' title='bbox 1909 1935 2126 2004; x_wconf 87' lang='lat' dir='ltr'>eiusque</span> <span class='ocrx_word' id='word_1_187' title='bbox 2165 1933 2393 1989; x_wconf 63' lang='lat' dir='ltr'>oraculo</span> <span class='ocrx_word' id='word_1_188' title='bbox 2463 1932 2584 1988; x_wconf 85' lang='lat' dir='ltr'>Vid.</span> <span class='ocrx_word' id='word_1_189' title='bbox 2622 1949 2783 2003; x_wconf 89' lang='lat' dir='ltr'>supra</span> <span class='ocrx_word' id='word_1_190' title='bbox 2815 1933 2884 1986; x_wconf 85' lang='lat' dir='ltr'>ad</span> 
     </span>
     <span class='ocr_line' id='line_1_22' title="bbox 560 2000 2886 2070; baseline 0 -16"><span class='ocrx_word' id='word_1_191' title='bbox 560 2000 672 2054; x_wconf 86' lang='lat' dir='ltr'>Ecl.</span> <span class='ocrx_word' id='word_1_192' title='bbox 710 2000 809 2064; x_wconf 84' lang='lat' dir='ltr'>VI,</span> <span class='ocrx_word' id='word_1_193' title='bbox 850 2005 929 2054; x_wconf 86' lang='grc'>72.</span> <span class='ocrx_word' id='word_1_194' title='bbox 1005 2002 1121 2055; x_wconf 91' lang='lat' dir='ltr'>Iam</span> <span class='ocrx_word' id='word_1_195' title='bbox 1156 2018 1219 2056; x_wconf 89' lang='lat' dir='ltr'>ea</span> <span class='ocrx_word' id='word_1_196' title='bbox 1255 2003 1489 2056; x_wconf 83' lang='lat' dir='ltr'>carmina</span> <span class='ocrx_word' id='word_1_197' title='bbox 1527 2002 1712 2056; x_wconf 84' lang='lat' dir='ltr'>fistula</span> <span class='ocrx_word' id='word_1_198' title='bbox 1755 2019 1965 2064; x_wconf 88' lang='lat' dir='ltr'>canere,</span> <span class='ocrx_word' id='word_1_199' title='bbox 2014 2002 2068 2055; x_wconf 86' lang='lat' dir='ltr'>h.</span> <span class='ocrx_word' id='word_1_200' title='bbox 2107 2018 2152 2055; x_wconf 91' lang='lat' dir='ltr'>e.</span> <span class='ocrx_word' id='word_1_201' title='bbox 2197 2002 2340 2055; x_wconf 89' lang='lat' dir='ltr'>inter</span> <span class='ocrx_word' id='word_1_202' title='bbox 2383 2005 2624 2070; x_wconf 82' lang='lat' dir='ltr'>pastores</span> <span class='ocrx_word' id='word_1_203' title='bbox 2664 2001 2886 2055; x_wconf 85' lang='lat' dir='ltr'>recitare</span> 
     </span>
     <span class='ocr_line' id='line_1_23' title="bbox 561 2068 2884 2139; baseline -0 -17"><span class='ocrx_word' id='word_1_204' title='bbox 561 2069 841 2122; x_wconf 88' lang='lat' dir='ltr'>constituit</span> <span class='ocrx_word' id='word_1_205' title='bbox 896 2069 1000 2136; x_wconf 79' lang='lat' dir='ltr'>(vel</span> <span class='ocrx_word' id='word_1_206' title='bbox 1049 2069 1276 2124; x_wconf 87' lang='lat' dir='ltr'>colorem</span> <span class='ocrx_word' id='word_1_207' title='bbox 1322 2070 1388 2124; x_wconf 88' lang='lat' dir='ltr'>iis</span> <span class='ocrx_word' id='word_1_208' title='bbox 1432 2071 1701 2139; x_wconf 80' lang='lat' dir='ltr'>pastoricii</span> <span class='ocrx_word' id='word_1_209' title='bbox 1744 2071 1996 2123; x_wconf 88' lang='lat' dir='ltr'>carminis</span> <span class='ocrx_word' id='word_1_210' title='bbox 2038 2069 2346 2126; x_wconf 52' lang='lat' dir='ltr'>inducerem</span> <span class='ocrx_word' id='word_1_211' title='bbox 2422 2068 2647 2138; x_wconf 81' lang='lat' dir='ltr'>Egregie</span> <span class='ocrx_word' id='word_1_212' title='bbox 2703 2075 2884 2123; x_wconf 87' lang='lat' dir='ltr'>autem</span> 
     </span>
     <span class='ocr_line' id='line_1_24' title="bbox 560 2136 2882 2206; baseline 0 -17"><span class='ocrx_word' id='word_1_213' title='bbox 560 2136 750 2190; x_wconf 78' lang='lat' dir='ltr'>misere</span> <span class='ocrx_word' id='word_1_214' title='bbox 796 2136 1022 2191; x_wconf 86' lang='lat' dir='ltr'>cruciati</span> <span class='ocrx_word' id='word_1_215' title='bbox 1066 2140 1122 2191; x_wconf 82' lang='lat' dir='ltr'>et</span> <span class='ocrx_word' id='word_1_216' title='bbox 1166 2138 1219 2191; x_wconf 89' lang='lat' dir='ltr'>in</span> <span class='ocrx_word' id='word_1_217' title='bbox 1263 2154 1444 2192; x_wconf 88' lang='lat' dir='ltr'>omnes</span> <span class='ocrx_word' id='word_1_218' title='bbox 1489 2142 1669 2206; x_wconf 85' lang='lat' dir='ltr'>partes</span> <span class='ocrx_word' id='word_1_219' title='bbox 1717 2154 1777 2191; x_wconf 91' lang='lat' dir='ltr'>ra</span> <span class='ocrx_word' id='word_1_220' title='bbox 1816 2138 1859 2190; x_wconf 88' lang='lat' dir='ltr'>ti</span> <span class='ocrx_word' id='word_1_221' title='bbox 1920 2137 2084 2190; x_wconf 90' lang='lat' dir='ltr'>animi</span> <span class='ocrx_word' id='word_1_222' title='bbox 2138 2137 2499 2190; x_wconf 79' lang='lat' dir='ltr'>inconstantia</span> <span class='ocrx_word' id='word_1_223' title='bbox 2551 2136 2882 2205; x_wconf 77' lang='lat' dir='ltr'>exprimitur.</span> 
     </span>
     <span class='ocr_line' id='line_1_25' title="bbox 558 2202 2880 2266; baseline 0 -10"><span class='ocrx_word' id='word_1_224' title='bbox 558 2202 713 2257; x_wconf 89' lang='lat' dir='ltr'>Nunc</span> <span class='ocrx_word' id='word_1_225' title='bbox 747 2204 887 2258; x_wconf 87' lang='lat' dir='ltr'>enim</span> <span class='ocrx_word' id='word_1_226' title='bbox 923 2221 971 2257; x_wconf 82' lang='lat' dir='ltr'>v.</span> <span class='ocrx_word' id='word_1_227' title='bbox 1009 2208 1091 2259; x_wconf 84' lang='grc'>52.</span> <span class='ocrx_word' id='word_1_228' title='bbox 1136 2206 1190 2258; x_wconf 89' lang='lat' dir='ltr'>in</span> <span class='ocrx_word' id='word_1_229' title='bbox 1224 2204 1568 2258; x_wconf 79' lang='lat' dir='ltr'>solitudinem</span> <span class='ocrx_word' id='word_1_230' title='bbox 1603 2221 1717 2258; x_wconf 86' lang='lat' dir='ltr'>sese</span> <span class='ocrx_word' id='word_1_231' title='bbox 1755 2222 1788 2258; x_wconf 92' lang='lat' dir='ltr'>a</span> <span class='ocrx_word' id='word_1_232' title='bbox 1826 2205 1949 2258; x_wconf 86' lang='lat' dir='ltr'>dere</span> <span class='ocrx_word' id='word_1_233' title='bbox 1987 2205 2294 2266; x_wconf 88' lang='lat' dir='ltr'>constituit,</span> <span class='ocrx_word' id='word_1_234' title='bbox 2343 2220 2460 2257; x_wconf 83' lang='lat' dir='ltr'>mox</span> <span class='ocrx_word' id='word_1_235' title='bbox 2504 2204 2714 2264; x_wconf 80' lang='lat' dir='ltr'>venari;</span> <span class='ocrx_word' id='word_1_236' title='bbox 2765 2210 2880 2257; x_wconf 88' lang='lat' dir='ltr'>tum</span> 
     </span>
     <span class='ocr_line' id='line_1_26' title="bbox 559 2271 2882 2342; baseline 0 -18"><span class='ocrx_word' id='word_1_237' title='bbox 559 2287 609 2325; x_wconf 86' lang='lat' dir='ltr'>v.</span> <span class='ocrx_word' id='word_1_238' title='bbox 645 2275 726 2325; x_wconf 93' lang='grc'>62.</span> <span class='ocrx_word' id='word_1_239' title='bbox 771 2272 948 2326; x_wconf 90' lang='lat' dir='ltr'>omnia</span> <span class='ocrx_word' id='word_1_240' title='bbox 990 2273 1099 2326; x_wconf 87' lang='lat' dir='ltr'>ista</span> <span class='ocrx_word' id='word_1_241' title='bbox 1139 2276 1508 2342; x_wconf 85' lang='lat' dir='ltr'>aspernatur.·‘</span> <span class='ocrx_word' id='word_1_242' title='bbox 1565 2273 1743 2341; x_wconf 69' lang='lat' dir='ltr'>Heyu.</span> <span class='ocrx_word' id='word_1_243' title='bbox 1823 2272 2076 2326; x_wconf 89' lang='lat' dir='ltr'>Ceterum</span> <span class='ocrx_word' id='word_1_244' title='bbox 2121 2271 2424 2341; x_wconf 84' lang='lat' dir='ltr'>Euphorion</span> <span class='ocrx_word' id='word_1_245' title='bbox 2466 2271 2583 2334; x_wconf 88' lang='lat' dir='ltr'>ille,</span> <span class='ocrx_word' id='word_1_246' title='bbox 2668 2272 2746 2334; x_wconf 85' lang='lat' dir='ltr'>ui,</span> <span class='ocrx_word' id='word_1_247' title='bbox 2797 2271 2882 2326; x_wconf 90' lang='lat' dir='ltr'>Ol.</span> 
     </span>
     <span class='ocr_line' id='line_1_27' title="bbox 566 2338 2884 2409; baseline 0 -18"><span class='ocrx_word' id='word_1_248' title='bbox 566 2341 677 2392; x_wconf 88' lang='grc'><strong>126.</strong></span> <span class='ocrx_word' id='word_1_249' title='bbox 712 2355 758 2400; x_wconf 79' lang='lat' dir='ltr'>s.</span> <span class='ocrx_word' id='word_1_250' title='bbox 796 2341 937 2393; x_wconf 84' lang='lat' dir='ltr'>circa</span> <span class='ocrx_word' id='word_1_251' title='bbox 969 2356 1016 2392; x_wconf 88' lang='lat' dir='ltr'>a.</span> <span class='ocrx_word' id='word_1_252' title='bbox 1054 2343 1168 2394; x_wconf 91' lang='grc'><strong>276.</strong></span> <span class='ocrx_word' id='word_1_253' title='bbox 1205 2358 1254 2394; x_wconf 86' lang='lat' dir='ltr'>a.</span> <span class='ocrx_word' id='word_1_254' title='bbox 1293 2340 1416 2395; x_wconf 87' lang='lat' dir='ltr'>Chr.</span> <span class='ocrx_word' id='word_1_255' title='bbox 1455 2342 1641 2404; x_wconf 80' lang='lat' dir='ltr'>natus,</span> <span class='ocrx_word' id='word_1_256' title='bbox 1681 2339 1951 2394; x_wconf 86' lang='lat' dir='ltr'>Antiocho·</span> <span class='ocrx_word' id='word_1_257' title='bbox 1976 2340 2172 2409; x_wconf 80' lang='lat' dir='ltr'>Magno</span> <span class='ocrx_word' id='word_1_258' title='bbox 2208 2355 2242 2393; x_wconf 89' lang='lat' dir='ltr'>a</span> <span class='ocrx_word' id='word_1_259' title='bbox 2278 2338 2604 2393; x_wconf 82' lang='lat' dir='ltr'>bibliotheca</span> <span class='ocrx_word' id='word_1_260' title='bbox 2703 2340 2759 2398; x_wconf 84' lang='lat' dir='ltr'>‘t.</span> <span class='ocrx_word' id='word_1_261' title='bbox 2799 2355 2884 2392; x_wconf 88' lang='lat' dir='ltr'>co·</span> 
     </span>
     <span class='ocr_line' id='line_1_28' title="bbox 561 2404 2885 2476; baseline 0 -17"><span class='ocrx_word' id='word_1_262' title='bbox 561 2404 811 2467; x_wconf 87' lang='lat' dir='ltr'>moedias,</span> <span class='ocrx_word' id='word_1_263' title='bbox 852 2407 1053 2476; x_wconf 83' lang='lat' dir='ltr'>elegias</span> <span class='ocrx_word' id='word_1_264' title='bbox 1090 2424 1152 2461; x_wconf 86' lang='lat' dir='ltr'>ac</span> <span class='ocrx_word' id='word_1_265' title='bbox 1190 2409 1483 2472; x_wconf 80' lang='grc' dir='ltr'><strong><em>Μοψόπια</em></strong></span> <span class='ocrx_word' id='word_1_266' title='bbox 1519 2409 1574 2466; x_wconf 71' lang='lat' dir='ltr'>(i.</span> <span class='ocrx_word' id='word_1_267' title='bbox 1612 2425 1655 2462; x_wconf 87' lang='lat' dir='ltr'>e.</span> <span class='ocrx_word' id='word_1_268' title='bbox 1693 2409 1895 2466; x_wconf 79' lang='lat' dir='ltr'>Attica)</span> <span class='ocrx_word' id='word_1_269' title='bbox 1933 2426 1976 2462; x_wconf 87' lang='lat' dir='ltr'>s.</span> <span class='ocrx_word' id='word_1_270' title='bbox 2013 2406 2246 2472; x_wconf 75' lang='grc' dir='ltr'>ἄτακτα,</span> <span class='ocrx_word' id='word_1_271' title='bbox 2285 2406 2652 2460; x_wconf 82' lang='lat' dir='ltr'>narrationum</span> <span class='ocrx_word' id='word_1_272' title='bbox 2686 2405 2885 2475; x_wconf 70' lang='lat' dir='ltr'>mythi-</span> 
     </span>
     <span class='ocr_line' id='line_1_29' title="bbox 561 2473 2882 2545; baseline 0 -17"><span class='ocrx_word' id='word_1_273' title='bbox 561 2487 742 2528; x_wconf 88' lang='lat' dir='ltr'>carum</span> <span class='ocrx_word' id='word_1_274' title='bbox 776 2490 805 2530; x_wconf 88' lang='lat' dir='ltr'>e</span> <span class='ocrx_word' id='word_1_275' title='bbox 842 2475 923 2529; x_wconf 90' lang='lat' dir='ltr'>ico</span> <span class='ocrx_word' id='word_1_276' title='bbox 959 2482 1128 2529; x_wconf 85' lang='lat' dir='ltr'>metro</span> <span class='ocrx_word' id='word_1_277' title='bbox 1162 2477 1572 2545; x_wconf 86' lang='lat' dir='ltr'>compositarum</span> <span class='ocrx_word' id='word_1_278' title='bbox 1607 2475 1770 2530; x_wconf 88' lang='lat' dir='ltr'>libros</span> <span class='ocrx_word' id='word_1_279' title='bbox 1810 2476 1894 2537; x_wconf 81' lang='lat' dir='ltr'>V..</span> <span class='ocrx_word' id='word_1_280' title='bbox 1931 2475 2260 2545; x_wconf 85' lang='lat' dir='ltr'>conscripsit.</span> <span class='ocrx_word' id='word_1_281' title='bbox 2332 2475 2415 2529; x_wconf 87' lang='lat' dir='ltr'>Cf.</span> <span class='ocrx_word' id='word_1_282' title='bbox 2453 2473 2561 2529; x_wconf 87' lang='lat' dir='ltr'>Cic.</span> <span class='ocrx_word' id='word_1_283' title='bbox 2591 2474 2744 2529; x_wconf 87' lang='lat' dir='ltr'>Tusc.</span> <span class='ocrx_word' id='word_1_284' title='bbox 2780 2473 2882 2539; x_wconf 86' lang='lat'>111,</span> 
     </span>
     <span class='ocr_line' id='line_1_30' title="bbox 566 2543 2887 2609; baseline -0 -14"><span class='ocrx_word' id='word_1_285' title='bbox 566 2546 641 2606; x_wconf 83' lang='grc'>19,</span> <span class='ocrx_word' id='word_1_286' title='bbox 680 2547 763 2597; x_wconf 87' lang='grc'>45.</span> <span class='ocrx_word' id='word_1_287' title='bbox 846 2559 873 2596; x_wconf 87' lang='lat' dir='ltr'>e</span> <span class='ocrx_word' id='word_1_288' title='bbox 910 2544 1030 2597; x_wconf 79' lang='lat' dir='ltr'>Div.</span> <span class='ocrx_word' id='word_1_289' title='bbox 1066 2544 1137 2607; x_wconf 79' lang='grc' dir='ltr'>ΙΙ,</span> <span class='ocrx_word' id='word_1_290' title='bbox 1177 2548 1258 2607; x_wconf 89' lang='grc'>64,</span> <span class='ocrx_word' id='word_1_291' title='bbox 1302 2548 1409 2598; x_wconf 87' lang='grc'><strong>132.</strong></span> <span class='ocrx_word' id='word_1_292' title='bbox 1470 2544 1618 2598; x_wconf 89' lang='lat' dir='ltr'>Suet.</span> <span class='ocrx_word' id='word_1_293' title='bbox 1656 2543 1770 2598; x_wconf 87' lang='lat' dir='ltr'>Tib.</span> <span class='ocrx_word' id='word_1_294' title='bbox 1811 2548 1890 2598; x_wconf 98' lang='grc'>70.</span> <span class='ocrx_word' id='word_1_295' title='bbox 1950 2543 2163 2609; x_wconf 84' lang='lat' dir='ltr'>Quinct.</span> <span class='ocrx_word' id='word_1_296' title='bbox 2199 2544 2336 2597; x_wconf 89' lang='lat' dir='ltr'>Inst.</span> <span class='ocrx_word' id='word_1_297' title='bbox 2367 2543 2434 2605; x_wconf 87' lang='lat' dir='ltr'>X,</span> <span class='ocrx_word' id='word_1_298' title='bbox 2475 2548 2520 2603; x_wconf 91' lang='grc'>1,</span> <span class='ocrx_word' id='word_1_299' title='bbox 2560 2547 2640 2596; x_wconf 88' lang='grc'>56.</span> <span class='ocrx_word' id='word_1_300' title='bbox 2704 2543 2887 2604; x_wconf 71' lang='lat' dir='ltr'>Quid?</span> 
     </span>
     <span class='ocr_line' id='line_1_31' title="bbox 558 2610 2885 2681; baseline 0 -19"><span class='ocrx_word' id='word_1_301' title='bbox 558 2610 972 2680; x_wconf 75' lang='lat' dir='ltr'>Euphorionem</span> <span class='ocrx_word' id='word_1_302' title='bbox 1005 2612 1385 2664; x_wconf 74' lang='lat' dir='ltr'>transibimus?</span> <span class='ocrx_word' id='word_1_303' title='bbox 1428 2629 1584 2681; x_wconf 77' lang='lat' dir='ltr'>quem</span> <span class='ocrx_word' id='word_1_304' title='bbox 1622 2612 1735 2664; x_wconf 69' lang='grc' dir='ltr'><strong><em>πίει·</em></strong></span> <span class='ocrx_word' id='word_1_305' title='bbox 1755 2614 2049 2681; x_wconf 72' lang='lat' dir='ltr'>probasset</span> <span class='ocrx_word' id='word_1_306' title='bbox 2088 2612 2375 2679; x_wconf 60' lang='lat' dir='ltr'>Vergilius,</span> <span class='ocrx_word' id='word_1_307' title='bbox 2415 2611 2558 2663; x_wconf 80' lang='lat' dir='ltr'>idem</span> <span class='ocrx_word' id='word_1_308' title='bbox 2593 2628 2885 2680; x_wconf 77' lang='lat' dir='ltr'>numquam</span> 
     </span>
     <span class='ocr_line' id='line_1_32' title="bbox 558 2678 2885 2748; baseline 0 -17"><span class='ocrx_word' id='word_1_309' title='bbox 558 2687 697 2731; x_wconf 77' lang='lat' dir='ltr'>certe</span> <span class='ocrx_word' id='word_1_310' title='bbox 730 2681 1073 2733; x_wconf 79' lang='lat' dir='ltr'>conditorum</span> <span class='ocrx_word' id='word_1_311' title='bbox 1113 2678 1437 2733; x_wconf 75' lang='lat' dir='ltr'>Chalcidico</span> <span class='ocrx_word' id='word_1_312' title='bbox 1469 2698 1629 2732; x_wconf 67' lang='lat' dir='ltr'>versu</span> <span class='ocrx_word' id='word_1_313' title='bbox 1665 2680 1969 2733; x_wconf 78' lang='lat' dir='ltr'>carminum</span> <span class='ocrx_word' id='word_1_314' title='bbox 1989 2681 2222 2748; x_wconf 55' lang='lat' dir='ltr'>fecisset</span> <span class='ocrx_word' id='word_1_315' title='bbox 2252 2681 2308 2732; x_wconf 79' lang='lat' dir='ltr'>in</span> <span class='ocrx_word' id='word_1_316' title='bbox 2345 2679 2631 2732; x_wconf 56' lang='lat' dir='ltr'>Bucolicis</span> <span class='ocrx_word' id='word_1_317' title='bbox 2661 2679 2885 2731; x_wconf 76' lang='lat' dir='ltr'>mentio-</span> 
     </span>
     <span class='ocr_line' id='line_1_33' title="bbox 555 2744 2881 2816; baseline -0 -17"><span class='ocrx_word' id='word_1_318' title='bbox 555 2762 697 2811; x_wconf 79' lang='lat' dir='ltr'>nem,</span> <span class='ocrx_word' id='word_1_319' title='bbox 750 2746 843 2799; x_wconf 93' lang='lat' dir='ltr'>ubi</span> <span class='ocrx_word' id='word_1_320' title='bbox 888 2745 995 2799; x_wconf 80' lang='lat' dir='ltr'>vid.</span> <span class='ocrx_word' id='word_1_321' title='bbox 1035 2747 1071 2801; x_wconf 87' lang='lat' dir='ltr'>S</span> <span class='ocrx_word' id='word_1_322' title='bbox 1109 2746 1309 2815; x_wconf 85' lang='lat' dir='ltr'>alding.</span> <span class='ocrx_word' id='word_1_323' title='bbox 1348 2752 1404 2800; x_wconf 87' lang='lat' dir='ltr'>et</span> <span class='ocrx_word' id='word_1_324' title='bbox 1440 2747 1542 2809; x_wconf 80' lang='lat' dir='ltr'>xl.</span> <span class='ocrx_word' id='word_1_325' title='bbox 1579 2750 1637 2809; x_wconf 87' lang='grc'><strong>2,</strong></span> <span class='ocrx_word' id='word_1_326' title='bbox 1679 2752 1758 2801; x_wconf 96' lang='grc'>14.</span> <span class='ocrx_word' id='word_1_327' title='bbox 1817 2747 1974 2800; x_wconf 84' lang='lat' dir='ltr'>Voss.</span> <span class='ocrx_word' id='word_1_328' title='bbox 2020 2747 2086 2801; x_wconf 89' lang='lat' dir='ltr'>de</span> <span class='ocrx_word' id='word_1_329' title='bbox 2131 2747 2259 2799; x_wconf 87' lang='lat' dir='ltr'>hist.</span> <span class='ocrx_word' id='word_1_330' title='bbox 2302 2746 2398 2800; x_wconf 87' lang='lat' dir='ltr'>Gr.</span> <span class='ocrx_word' id='word_1_331' title='bbox 2444 2762 2498 2815; x_wconf 87' lang='lat' dir='ltr'>p.</span> <span class='ocrx_word' id='word_1_332' title='bbox 2541 2749 2634 2798; x_wconf 84' lang='grc'>142</span> <span class='ocrx_word' id='word_1_333' title='bbox 2670 2764 2748 2816; x_wconf 88' lang='lat' dir='ltr'>sq.</span> <span class='ocrx_word' id='word_1_334' title='bbox 2794 2744 2881 2799; x_wconf 88' lang='lat' dir='ltr'>ed.</span> 
     </span>
     <span class='ocr_line' id='line_1_34' title="bbox 556 2812 2881 2883; baseline 0 -17"><span class='ocrx_word' id='word_1_335' title='bbox 556 2812 837 2867; x_wconf 87' lang='lat' dir='ltr'>Westerm.</span> <span class='ocrx_word' id='word_1_336' title='bbox 873 2816 931 2867; x_wconf 87' lang='lat' dir='ltr'>et</span> <span class='ocrx_word' id='word_1_337' title='bbox 961 2814 1026 2866; x_wconf 90' lang='lat' dir='ltr'>A.</span> <span class='ocrx_word' id='word_1_338' title='bbox 1111 2815 1290 2868; x_wconf 83' lang='lat' dir='ltr'>eineke</span> <span class='ocrx_word' id='word_1_339' title='bbox 1325 2815 1391 2868; x_wconf 83' lang='lat' dir='ltr'>de</span> <span class='ocrx_word' id='word_1_340' title='bbox 1414 2815 1496 2868; x_wconf 89' lang='lat' dir='ltr'>Eu</span> <span class='ocrx_word' id='word_1_341' title='bbox 1533 2814 1765 2868; x_wconf 87' lang='lat' dir='ltr'>horionis</span> <span class='ocrx_word' id='word_1_342' title='bbox 1789 2814 1981 2868; x_wconf 87' lang='lat' dir='ltr'>Chald.</span> <span class='ocrx_word' id='word_1_343' title='bbox 2018 2815 2133 2868; x_wconf 78' lang='lat' dir='ltr'>vita</span> <span class='ocrx_word' id='word_1_344' title='bbox 2154 2819 2209 2868; x_wconf 89' lang='lat' dir='ltr'>et</span> <span class='ocrx_word' id='word_1_345' title='bbox 2231 2814 2464 2883; x_wconf 87' lang='lat' dir='ltr'>scriptis.</span> <span class='ocrx_word' id='word_1_346' title='bbox 2491 2812 2696 2868; x_wconf 83' lang='lat' dir='ltr'>Gedan.</span> <span class='ocrx_word' id='word_1_347' title='bbox 2737 2817 2881 2867; x_wconf 84' lang='lat'>1823.</span> 
     </span>
     <span class='ocr_line' id='line_1_35' title="bbox 557 2880 2884 2951; baseline 0 -18"><span class='ocrx_word' id='word_1_348' title='bbox 557 2884 606 2933; x_wconf 77' lang='lat'>8.</span> <span class='ocrx_word' id='word_1_349' title='bbox 676 2881 922 2934; x_wconf 87' lang='lat' dir='ltr'>Ceterum</span> <span class='ocrx_word' id='word_1_350' title='bbox 958 2880 1210 2936; x_wconf 86' lang='lat' dir='ltr'>Ribbeck.</span> <span class='ocrx_word' id='word_1_351' title='bbox 1248 2899 1366 2936; x_wconf 90' lang='lat' dir='ltr'>cum</span> <span class='ocrx_word' id='word_1_352' title='bbox 1405 2882 1478 2935; x_wconf 90' lang='lat' dir='ltr'>Co</span> <span class='ocrx_word' id='word_1_353' title='bbox 1521 2920 1533 2933; x_wconf 90' lang='lat'>.</span> <span class='ocrx_word' id='word_1_354' title='bbox 1571 2882 1731 2939; x_wconf 83' lang='lat' dir='ltr'>Med..</span> <span class='ocrx_word' id='word_1_355' title='bbox 1769 2882 1910 2943; x_wconf 78' lang='lat' dir='ltr'>Pal..</span> <span class='ocrx_word' id='word_1_356' title='bbox 1948 2882 2067 2935; x_wconf 89' lang='lat' dir='ltr'>aliis</span> <span class='ocrx_word' id='word_1_357' title='bbox 2103 2882 2443 2951; x_wconf 67' lang='lat' dir='ltr'>(quibuscum</span> <span class='ocrx_word' id='word_1_358' title='bbox 2476 2897 2545 2935; x_wconf 88' lang='lat' dir='ltr'>an</span> <span class='ocrx_word' id='word_1_359' title='bbox 2581 2882 2884 2951; x_wconf 85' lang='lat' dir='ltr'>conspirent</span> 
     </span>
     <span class='ocr_line' id='line_1_36' title="bbox 556 2947 2882 3034; baseline 0 -33"><span class='ocrx_word' id='word_1_360' title='bbox 556 2947 708 3002; x_wconf 83' lang='lat' dir='ltr'>Rom.</span> <span class='ocrx_word' id='word_1_361' title='bbox 744 2947 943 3018; x_wconf 86' lang='lat' dir='ltr'>aliique</span> <span class='ocrx_word' id='word_1_362' title='bbox 982 2948 1264 3004; x_wconf 66' lang='lat' dir='ltr'>Calc-idion</span> <span class='ocrx_word' id='word_1_363' title='bbox 1299 2951 1639 3034; x_wconf 81' lang='lat' dir='ltr'>praebentes,</span> <span class='ocrx_word' id='word_1_364' title='bbox 1677 2950 1900 3003; x_wconf 86' lang='lat' dir='ltr'>dubium</span> <span class='ocrx_word' id='word_1_365' title='bbox 1941 2954 2043 3015; x_wconf 84' lang='lat' dir='ltr'>est)</span> <span class='ocrx_word' id='word_1_366' title='bbox 2093 2950 2309 3019; x_wconf 86' lang='lat' dir='ltr'>scripsit</span> <span class='ocrx_word' id='word_1_367' title='bbox 2349 2948 2693 3015; x_wconf 76' lang='lat' dir='ltr'>Calchidico,</span> <span class='ocrx_word' id='word_1_368' title='bbox 2713 2947 2882 3018; x_wconf 73' lang='lat' dir='ltr'>‘quod</span> 
     </span>
     <span class='ocr_line' id='line_1_37' title="bbox 557 3015 2882 3084; baseline 0 -16"><span class='ocrx_word' id='word_1_369' title='bbox 557 3016 769 3084; x_wconf 82' lang='lat' dir='ltr'>probari</span> <span class='ocrx_word' id='word_1_370' title='bbox 801 3033 907 3069; x_wconf 88' lang='lat' dir='ltr'>non</span> <span class='ocrx_word' id='word_1_371' title='bbox 978 3022 1137 3071; x_wconf 87' lang='lat' dir='ltr'>otest.</span> <span class='ocrx_word' id='word_1_372' title='bbox 1174 3049 1239 3057; x_wconf 89' lang='lat'>—-</span> <span class='ocrx_word' id='word_1_373' title='bbox 1298 3017 1386 3078; x_wconf 78' lang='lat'>01.</span> <span class='ocrx_word' id='word_1_374' title='bbox 1433 3017 1840 3071; x_wconf 77' lang='lat' dir='ltr'>modulabor.</span> <span class='ocrx_word' id='word_1_375' title='bbox 1892 3016 2016 3070; x_wconf 89' lang='lat' dir='ltr'>Vid.</span> <span class='ocrx_word' id='word_1_376' title='bbox 2054 3021 2166 3070; x_wconf 91' lang='lat' dir='ltr'>not.</span> <span class='ocrx_word' id='word_1_377' title='bbox 2205 3016 2274 3070; x_wconf 89' lang='lat' dir='ltr'>ad</span> <span class='ocrx_word' id='word_1_378' title='bbox 2309 3017 2421 3070; x_wconf 87' lang='lat' dir='ltr'>Eel.</span> <span class='ocrx_word' id='word_1_379' title='bbox 2459 3015 2522 3079; x_wconf 87' lang='lat' dir='ltr'>V,</span> <span class='ocrx_word' id='word_1_380' title='bbox 2569 3021 2646 3070; x_wconf 84' lang='lat'>14.</span> <span class='ocrx_word' id='word_1_381' title='bbox 2717 3015 2882 3070; x_wconf 86' lang='lat' dir='ltr'>Pauci</span> 
     </span>
     <span class='ocr_line' id='line_1_38' title="bbox 557 3033 2882 3153; baseline 0 -16"><span class='ocrx_word' id='word_1_382' title='bbox 557 3082 773 3152; x_wconf 87' lang='lat' dir='ltr'>quidam</span> <span class='ocrx_word' id='word_1_383' title='bbox 811 3033 977 3138; x_wconf 54' lang='lat' dir='ltr'>Oodffl.</span> <span class='ocrx_word' id='word_1_384' title='bbox 1011 3087 1338 3153; x_wconf 72' lang='lat' dir='ltr'>meditabor,</span> <span class='ocrx_word' id='word_1_385' title='bbox 1377 3088 1439 3138; x_wconf 90' lang='lat' dir='ltr'>ut</span> <span class='ocrx_word' id='word_1_386' title='bbox 1475 3085 1587 3138; x_wconf 88' lang='lat' dir='ltr'>Ecl.</span> <span class='ocrx_word' id='word_1_387' title='bbox 1629 3085 1673 3147; x_wconf 90' lang='grc'>1,</span> <span class='ocrx_word' id='word_1_388' title='bbox 1710 3089 1761 3138; x_wconf 89' lang='grc'><strong>2.</strong></span> <span class='ocrx_word' id='word_1_389' title='bbox 1798 3118 1864 3124; x_wconf 90' lang='lat'>——</span> <span class='ocrx_word' id='word_1_390' title='bbox 1923 3082 2015 3145; x_wconf 80' lang='grc'><strong>52.</strong></span> <span class='ocrx_word' id='word_1_391' title='bbox 2064 3084 2256 3138; x_wconf 78' lang='lat' dir='ltr'>Gallus</span> <span class='ocrx_word' id='word_1_392' title='bbox 2290 3084 2333 3137; x_wconf 91' lang='lat' dir='ltr'>L</span> <span class='ocrx_word' id='word_1_393' title='bbox 2371 3083 2564 3137; x_wconf 89' lang='lat' dir='ltr'>coridis</span> <span class='ocrx_word' id='word_1_394' title='bbox 2597 3085 2764 3138; x_wconf 89' lang='lat' dir='ltr'>amori</span> <span class='ocrx_word' id='word_1_395' title='bbox 2798 3101 2882 3138; x_wconf 88' lang='lat' dir='ltr'>re-</span> 
     </span>
     <span class='ocr_line' id='line_1_39' title="bbox 557 3151 2883 3222; baseline 0 -18"><span class='ocrx_word' id='word_1_396' title='bbox 557 3151 810 3205; x_wconf 81' lang='lat' dir='ltr'>nunciare</span> <span class='ocrx_word' id='word_1_397' title='bbox 846 3155 903 3206; x_wconf 86' lang='lat' dir='ltr'>et</span> <span class='ocrx_word' id='word_1_398' title='bbox 937 3152 1021 3207; x_wconf 84' lang='lat' dir='ltr'>vel</span> <span class='ocrx_word' id='word_1_399' title='bbox 1058 3169 1090 3207; x_wconf 89' lang='lat' dir='ltr'>a</span> <span class='ocrx_word' id='word_1_400' title='bbox 1161 3154 1356 3206; x_wconf 85' lang='lat' dir='ltr'>astoris</span> <span class='ocrx_word' id='word_1_401' title='bbox 1391 3152 1476 3206; x_wconf 83' lang='lat' dir='ltr'>vel</span> <span class='ocrx_word' id='word_1_402' title='bbox 1512 3169 1545 3206; x_wconf 92' lang='lat' dir='ltr'>a</span> <span class='ocrx_word' id='word_1_403' title='bbox 1581 3153 1850 3206; x_wconf 75' lang='lat' dir='ltr'>venatoris</span> <span class='ocrx_word' id='word_1_404' title='bbox 1890 3153 2118 3217; x_wconf 77' lang='lat' dir='ltr'>negotiis</span> <span class='ocrx_word' id='word_1_405' title='bbox 2154 3168 2315 3222; x_wconf 85' lang='lat' dir='ltr'>geren</span> <span class='ocrx_word' id='word_1_406' title='bbox 2355 3153 2401 3205; x_wconf 88' lang='lat' dir='ltr'>is</span> <span class='ocrx_word' id='word_1_407' title='bbox 2443 3151 2757 3205; x_wconf 85' lang='lat' dir='ltr'>medicinam</span> <span class='ocrx_word' id='word_1_408' title='bbox 2792 3169 2883 3221; x_wconf 86' lang='lat' dir='ltr'>pe·</span> 
     </span>
     <span class='ocr_line' id='line_1_40' title="bbox 555 3219 2881 3290; baseline 0 -18"><span class='ocrx_word' id='word_1_409' title='bbox 555 3221 668 3272; x_wconf 87' lang='lat' dir='ltr'>tere</span> <span class='ocrx_word' id='word_1_410' title='bbox 702 3221 918 3273; x_wconf 83' lang='lat' dir='ltr'>statuit.</span> <span class='ocrx_word' id='word_1_411' title='bbox 988 3239 1099 3290; x_wconf 68' lang='lat' dir='ltr'>spe</span> <span class='ocrx_word' id='word_1_412' title='bbox 1141 3238 1284 3287; x_wconf 84' lang='lat' dir='ltr'>aea,</span> <span class='ocrx_word' id='word_1_413' title='bbox 1325 3220 1594 3282; x_wconf 67' lang='grc' dir='ltr'>σπήλαια.</span> <span class='ocrx_word' id='word_1_414' title='bbox 1635 3237 1741 3289; x_wconf 87' lang='lat' dir='ltr'>qua</span> <span class='ocrx_word' id='word_1_415' title='bbox 1783 3237 1909 3274; x_wconf 81' lang='lat' dir='ltr'>voce</span> <span class='ocrx_word' id='word_1_416' title='bbox 1945 3226 2150 3273; x_wconf 71' lang='lat' dir='ltr'>(ii-acca</span> <span class='ocrx_word' id='word_1_417' title='bbox 2186 3219 2481 3288; x_wconf 88' lang='lat' dir='ltr'>Vergilium</span> <span class='ocrx_word' id='word_1_418' title='bbox 2518 3221 2686 3273; x_wconf 86' lang='lat' dir='ltr'>secuti</span> <span class='ocrx_word' id='word_1_419' title='bbox 2720 3226 2881 3272; x_wconf 88' lang='lat' dir='ltr'>utun·</span> 
     </span>
     <span class='ocr_line' id='line_1_41' title="bbox 555 3287 2878 3342; baseline -0 -3"><span class='ocrx_word' id='word_1_420' title='bbox 555 3287 646 3339; x_wconf 86' lang='lat' dir='ltr'>tur</span> <span class='ocrx_word' id='word_1_421' title='bbox 680 3287 839 3340; x_wconf 86' lang='lat' dir='ltr'>etiam</span> <span class='ocrx_word' id='word_1_422' title='bbox 886 3292 1073 3342; x_wconf 77' lang='lat' dir='ltr'>auctor</span> <span class='ocrx_word' id='word_1_423' title='bbox 1109 3288 1243 3341; x_wconf 80' lang='lat' dir='ltr'>Ciris</span> <span class='ocrx_word' id='word_1_424' title='bbox 1288 3305 1336 3341; x_wconf 82' lang='lat' dir='ltr'>v.</span> <span class='ocrx_word' id='word_1_425' title='bbox 1373 3292 1489 3342; x_wconf 86' lang='grc'><strong>466.</strong></span> <span class='ocrx_word' id='word_1_426' title='bbox 1546 3287 1735 3342; x_wconf 88' lang='lat' dir='ltr'>Claud.</span> <span class='ocrx_word' id='word_1_427' title='bbox 1770 3288 1833 3342; x_wconf 91' lang='lat' dir='ltr'>B.</span> <span class='ocrx_word' id='word_1_428' title='bbox 1873 3287 1995 3341; x_wconf 88' lang='lat' dir='ltr'>Get.</span> <span class='ocrx_word' id='word_1_429' title='bbox 2038 3294 2153 3341; x_wconf 80' lang='grc'><strong>354.</strong></span> <span class='ocrx_word' id='word_1_430' title='bbox 2208 3287 2466 3341; x_wconf 90' lang='lat' dir='ltr'>Prudent.</span> <span class='ocrx_word' id='word_1_431' title='bbox 2509 3290 2724 3341; x_wconf 75' lang='lat' dir='ltr'>teti-ast.</span> <span class='ocrx_word' id='word_1_432' title='bbox 2769 3291 2878 3340; x_wconf 80' lang='lat' dir='ltr'>vet.</span> 
     </span>
     <span class='ocr_line' id='line_1_42' title="bbox 553 3354 2879 3424; baseline 0 -19"><span class='ocrx_word' id='word_1_433' title='bbox 553 3357 773 3407; x_wconf 86' lang='lat' dir='ltr'>testam.</span> <span class='ocrx_word' id='word_1_434' title='bbox 811 3360 860 3407; x_wconf 85' lang='lat'>5.</span> <span class='ocrx_word' id='word_1_435' title='bbox 906 3354 1130 3408; x_wconf 86' lang='lat' dir='ltr'>Tertull.</span> <span class='ocrx_word' id='word_1_436' title='bbox 1168 3355 1233 3409; x_wconf 89' lang='lat' dir='ltr'>de</span> <span class='ocrx_word' id='word_1_437' title='bbox 1270 3373 1372 3409; x_wconf 89' lang='lat' dir='ltr'>cor.</span> <span class='ocrx_word' id='word_1_438' title='bbox 1410 3355 1528 3409; x_wconf 89' lang='lat' dir='ltr'>mir.</span> <span class='ocrx_word' id='word_1_439' title='bbox 1567 3372 1730 3424; x_wconf 82' lang='lat' dir='ltr'>prope</span> <span class='ocrx_word' id='word_1_440' title='bbox 1765 3356 1857 3407; x_wconf 90' lang='lat' dir='ltr'>fin.</span> <span class='ocrx_word' id='word_1_441' title='bbox 1931 3356 2015 3408; x_wconf 83' lang='lat' dir='ltr'>Cf.</span> <span class='ocrx_word' id='word_1_442' title='bbox 2053 3356 2216 3408; x_wconf 86' lang='lat' dir='ltr'>etiam</span> <span class='ocrx_word' id='word_1_443' title='bbox 2251 3354 2468 3409; x_wconf 89' lang='lat' dir='ltr'>Gruteri</span> <span class='ocrx_word' id='word_1_444' title='bbox 2501 3354 2670 3408; x_wconf 85' lang='lat' dir='ltr'>Inscr.</span> <span class='ocrx_word' id='word_1_445' title='bbox 2707 3372 2758 3424; x_wconf 88' lang='lat' dir='ltr'>p.</span> <span class='ocrx_word' id='word_1_446' title='bbox 2795 3359 2879 3409; x_wconf 87' lang='grc'><strong>3-1.</strong></span> 
     </span>
     <span class='ocr_line' id='line_1_43' title="bbox 554 3421 2882 3492; baseline 0 -18"><span class='ocrx_word' id='word_1_447' title='bbox 554 3438 607 3474; x_wconf 92' lang='lat' dir='ltr'>n.</span> <span class='ocrx_word' id='word_1_448' title='bbox 644 3425 691 3475; x_wconf 87' lang='lat'>5.</span> <span class='ocrx_word' id='word_1_449' title='bbox 728 3427 774 3475; x_wconf 92' lang='grc'>7.</span> <span class='ocrx_word' id='word_1_450' title='bbox 815 3426 864 3476; x_wconf 88' lang='grc'>9.</span> <span class='ocrx_word' id='word_1_451' title='bbox 918 3422 1171 3476; x_wconf 85' lang='lat' dir='ltr'>Ribbeck.</span> <span class='ocrx_word' id='word_1_452' title='bbox 1208 3439 1327 3476; x_wconf 89' lang='lat' dir='ltr'>cum</span> <span class='ocrx_word' id='word_1_453' title='bbox 1362 3439 1483 3481; x_wconf 78' lang='lat' dir='ltr'>uno,</span> <span class='ocrx_word' id='word_1_454' title='bbox 1521 3429 1583 3476; x_wconf 88' lang='lat' dir='ltr'>ut</span> <span class='ocrx_word' id='word_1_455' title='bbox 1617 3423 1847 3483; x_wconf 82' lang='lat' dir='ltr'>videtur,</span> <span class='ocrx_word' id='word_1_456' title='bbox 1886 3422 2017 3476; x_wconf 85' lang='lat' dir='ltr'>Cod.</span> <span class='ocrx_word' id='word_1_457' title='bbox 2050 3422 2188 3477; x_wconf 86' lang='lat' dir='ltr'>Gud.</span> <span class='ocrx_word' id='word_1_458' title='bbox 2237 3424 2350 3490; x_wconf 89' lang='lat' dir='ltr'>(ubi</span> <span class='ocrx_word' id='word_1_459' title='bbox 2385 3425 2684 3492; x_wconf 84' lang='lat' dir='ltr'>postremae</span> <span class='ocrx_word' id='word_1_460' title='bbox 2718 3421 2882 3490; x_wconf 83' lang='lat' dir='ltr'>sylla-</span> 
     </span>
     <span class='ocr_line' id='line_1_44' title="bbox 553 3488 2883 3561; baseline 0.001 -19"><span class='ocrx_word' id='word_1_461' title='bbox 553 3489 652 3542; x_wconf 86' lang='lat' dir='ltr'>bae</span> <span class='ocrx_word' id='word_1_462' title='bbox 690 3488 744 3541; x_wconf 89' lang='lat' dir='ltr'>in</span> <span class='ocrx_word' id='word_1_463' title='bbox 782 3490 909 3553; x_wconf 87' lang='lat' dir='ltr'>ras.)</span> <span class='ocrx_word' id='word_1_464' title='bbox 947 3491 1161 3560; x_wconf 87' lang='lat' dir='ltr'>scripsit</span> <span class='ocrx_word' id='word_1_465' title='bbox 1193 3493 1391 3561; x_wconf 68' lang='grc' dir='ltr'><strong>φάεα.</strong></span> <span class='ocrx_word' id='word_1_466' title='bbox 1432 3521 1495 3530; x_wconf 84' lang='grc'><strong>-</strong></span> <span class='ocrx_word' id='word_1_467' title='bbox 1545 3489 1635 3548; x_wconf 74' lang='grc'><strong>53.</strong></span> <span class='ocrx_word' id='word_1_468' title='bbox 1678 3491 1877 3544; x_wconf 83' lang='lat' dir='ltr'>malle.</span> <span class='ocrx_word' id='word_1_469' title='bbox 1908 3491 2084 3560; x_wconf 78' lang='lat' dir='ltr'>pati,</span> <span class='ocrx_word' id='word_1_470' title='bbox 2122 3506 2299 3560; x_wconf 81' lang='lat' dir='ltr'>quam,</span> <span class='ocrx_word' id='word_1_471' title='bbox 2336 3490 2426 3559; x_wconf 89' lang='lat' dir='ltr'>qui</span> <span class='ocrx_word' id='word_1_472' title='bbox 2463 3505 2547 3543; x_wconf 89' lang='lat' dir='ltr'>me</span> <span class='ocrx_word' id='word_1_473' title='bbox 2584 3490 2758 3544; x_wconf 87' lang='lat' dir='ltr'>adhuc</span> <span class='ocrx_word' id='word_1_474' title='bbox 2795 3507 2883 3544; x_wconf 82' lang='lat' dir='ltr'>ve·</span> 
     </span>
     <span class='ocr_line' id='line_1_45' title="bbox 554 3556 2883 3627; baseline 0.001 -19"><span class='ocrx_word' id='word_1_475' title='bbox 554 3556 732 3617; x_wconf 70' lang='lat' dir='ltr'>nbat,</span> <span class='ocrx_word' id='word_1_476' title='bbox 769 3557 968 3610; x_wconf 88' lang='lat' dir='ltr'>amoris</span> <span class='ocrx_word' id='word_1_477' title='bbox 1005 3557 1258 3612; x_wconf 90' lang='lat' dir='ltr'>dolorem.</span> <span class='ocrx_word' id='word_1_478' title='bbox 1329 3558 1533 3612; x_wconf 82' lang='lat' dir='ltr'>Peerlk.</span> <span class='ocrx_word' id='word_1_479' title='bbox 1562 3558 1600 3611; x_wconf 93' lang='lat' dir='ltr'>l.</span> <span class='ocrx_word' id='word_1_480' title='bbox 1624 3556 1662 3610; x_wconf 95' lang='lat'>1.</span> <span class='ocrx_word' id='word_1_481' title='bbox 1702 3559 1837 3611; x_wconf 90' lang='lat' dir='ltr'>coni.</span> <span class='ocrx_word' id='word_1_482' title='bbox 1876 3559 2029 3611; x_wconf 81' lang='lat' dir='ltr'>velle.</span> <span class='ocrx_word' id='word_1_483' title='bbox 2099 3558 2238 3610; x_wconf 61' lang='lat' dir='ltr'>fati</span> <span class='ocrx_word' id='word_1_484' title='bbox 2259 3557 2505 3611; x_wconf 85' lang='lat' dir='ltr'>absolute</span> <span class='ocrx_word' id='word_1_485' title='bbox 2532 3558 2765 3626; x_wconf 88' lang='lat' dir='ltr'>positum</span> <span class='ocrx_word' id='word_1_486' title='bbox 2787 3575 2883 3627; x_wconf 86' lang='lat' dir='ltr'>pro</span> 
     </span>
     <span class='ocr_line' id='line_1_46' title="bbox 555 3622 2881 3693; baseline 0.002 -18"><span class='ocrx_word' id='word_1_487' title='bbox 555 3622 746 3677; x_wconf 88' lang='lat' dir='ltr'>durare</span> <span class='ocrx_word' id='word_1_488' title='bbox 786 3631 1118 3693; x_wconf 69' lang='grc' dir='ltr'>(καρτερεῖν)</span> <span class='ocrx_word' id='word_1_489' title='bbox 1155 3626 1352 3679; x_wconf 88' lang='lat' dir='ltr'>malam</span> <span class='ocrx_word' id='word_1_490' title='bbox 1390 3628 1657 3679; x_wconf 80' lang='lat' dir='ltr'>fortunam</span> <span class='ocrx_word' id='word_1_491' title='bbox 1696 3626 1932 3683; x_wconf 76' lang='lat' dir='ltr'>ferendo.</span> <span class='ocrx_word' id='word_1_492' title='bbox 1972 3629 2036 3678; x_wconf 89' lang='lat' dir='ltr'>ut</span> <span class='ocrx_word' id='word_1_493' title='bbox 2074 3625 2217 3693; x_wconf 88' lang='lat' dir='ltr'>apud</span> <span class='ocrx_word' id='word_1_494' title='bbox 2254 3626 2379 3680; x_wconf 87' lang='lat' dir='ltr'>Hor.</span> <span class='ocrx_word' id='word_1_495' title='bbox 2417 3628 2584 3679; x_wconf 82' lang='lat' dir='ltr'>Serui.</span> <span class='ocrx_word' id='word_1_496' title='bbox 2621 3625 2691 3688; x_wconf 91' lang='grc' dir='ltr'>Π,</span> <span class='ocrx_word' id='word_1_497' title='bbox 2719 3629 2767 3688; x_wconf 91' lang='grc'>6,</span> <span class='ocrx_word' id='word_1_498' title='bbox 2798 3630 2881 3679; x_wconf 85' lang='grc'>91.</span> 
     </span>
     <span class='ocr_line' id='line_1_47' title="bbox 553 3690 2885 3763; baseline 0.001 -20"><span class='ocrx_word' id='word_1_499' title='bbox 553 3690 857 3761; x_wconf 77' lang='lat' dir='ltr'>Praerupti</span> <span class='ocrx_word' id='word_1_500' title='bbox 888 3695 1125 3746; x_wconf 54' lang='lat' dir='ltr'>nemoris</span> <span class='ocrx_word' id='word_1_501' title='bbox 1152 3695 1446 3763; x_wconf 76' lang='lat' dir='ltr'>patientem</span> <span class='ocrx_word' id='word_1_502' title='bbox 1482 3695 1663 3745; x_wconf 72' lang='lat' dir='ltr'>vivet-e</span> <span class='ocrx_word' id='word_1_503' title='bbox 1698 3696 1888 3747; x_wconf 75' lang='lat' dir='ltr'>dorso.</span> <span class='ocrx_word' id='word_1_504' title='bbox 1925 3692 2121 3746; x_wconf 85' lang='lat' dir='ltr'>Lucan.</span> <span class='ocrx_word' id='word_1_505' title='bbox 2160 3693 2222 3749; x_wconf 80' lang='lat' dir='ltr'>V.</span> <span class='ocrx_word' id='word_1_506' title='bbox 2259 3697 2373 3747; x_wconf 87' lang='grc'><strong>313.</strong></span> <span class='ocrx_word' id='word_1_507' title='bbox 2409 3694 2557 3746; x_wconf 72' lang='lat' dir='ltr'>disce</span> <span class='ocrx_word' id='word_1_508' title='bbox 2578 3694 2692 3746; x_wconf 72' lang='lat' dir='ltr'>sine</span> <span class='ocrx_word' id='word_1_509' title='bbox 2713 3694 2885 3746; x_wconf 73' lang='lat' dir='ltr'>amis</span> 
     </span>
     <span class='ocr_line' id='line_1_48' title="bbox 548 3760 2885 3831; baseline 0.001 -19"><span class='ocrx_word' id='word_1_510' title='bbox 548 3775 711 3828; x_wconf 72' lang='lat' dir='ltr'>posse</span> <span class='ocrx_word' id='word_1_511' title='bbox 781 3761 877 3813; x_wconf 75' lang='lat' dir='ltr'>ati.</span> <span class='ocrx_word' id='word_1_512' title='bbox 923 3760 1053 3813; x_wconf 89' lang='lat' dir='ltr'>ibid.</span> <span class='ocrx_word' id='word_1_513' title='bbox 1093 3777 1142 3813; x_wconf 76' lang='lat' dir='ltr'>v.</span> <span class='ocrx_word' id='word_1_514' title='bbox 1181 3763 1292 3814; x_wconf 71' lang='grc'><strong>778.</strong></span> <span class='ocrx_word' id='word_1_515' title='bbox 1343 3762 1514 3814; x_wconf 73' lang='lat' dir='ltr'>Posse</span> <span class='ocrx_word' id='word_1_516' title='bbox 1543 3762 1668 3831; x_wconf 78' lang='lat' dir='ltr'>pati</span> <span class='ocrx_word' id='word_1_517' title='bbox 1701 3762 1859 3813; x_wconf 82' lang='lat' dir='ltr'>timeo</span> <span class='ocrx_word' id='word_1_518' title='bbox 1905 3763 1962 3813; x_wconf 86' lang='lat' dir='ltr'>et</span> <span class='ocrx_word' id='word_1_519' title='bbox 1993 3760 2098 3823; x_wconf 86' lang='lat' dir='ltr'>IX,</span> <span class='ocrx_word' id='word_1_520' title='bbox 2136 3764 2248 3814; x_wconf 84' lang='lat'>262.</span> <span class='ocrx_word' id='word_1_521' title='bbox 2296 3760 2375 3812; x_wconf 75' lang='lat' dir='ltr'>Et</span> <span class='ocrx_word' id='word_1_522' title='bbox 2406 3760 2580 3813; x_wconf 74' lang='lat' dir='ltr'>nescis</span> <span class='ocrx_word' id='word_1_523' title='bbox 2610 3763 2727 3814; x_wconf 78' lang='lat' dir='ltr'>siue</span> <span class='ocrx_word' id='word_1_524' title='bbox 2763 3778 2885 3829; x_wconf 68' lang='grc' dir='ltr'>τερα</span> 
     </span>
     <span class='ocr_line' id='line_1_49' title="bbox 545 3826 2881 3945; baseline 0.002 -67"><span class='ocrx_word' id='word_1_525' title='bbox 545 3826 685 3945; x_wconf 53' lang='lat' dir='ltr'>fati.</span> <span class='ocrx_word' id='word_1_526' title='bbox 775 3826 882 3879; x_wconf 82' lang='lat' dir='ltr'>vid.</span> <span class='ocrx_word' id='word_1_527' title='bbox 916 3827 1047 3881; x_wconf 79' lang='lat' dir='ltr'>Met.</span> <span class='ocrx_word' id='word_1_528' title='bbox 1087 3828 1152 3886; x_wconf 88' lang='lat' dir='ltr'>X.</span> <span class='ocrx_word' id='word_1_529' title='bbox 1193 3832 1273 3881; x_wconf 79' lang='lat'>25.</span> <span class='ocrx_word' id='word_1_530' title='bbox 1314 3846 1477 3898; x_wconf 79' lang='lat' dir='ltr'>posse</span> <span class='ocrx_word' id='word_1_531' title='bbox 1508 3830 1635 3898; x_wconf 81' lang='lat' dir='ltr'>pati</span> <span class='ocrx_word' id='word_1_532' title='bbox 1666 3829 1838 3894; x_wconf 82' lang='lat' dir='ltr'>volui,</span> <span class='ocrx_word' id='word_1_533' title='bbox 1875 3845 1972 3882; x_wconf 79' lang='lat' dir='ltr'>nec</span> <span class='ocrx_word' id='word_1_534' title='bbox 2003 3846 2085 3880; x_wconf 86' lang='lat' dir='ltr'>me</span> <span class='ocrx_word' id='word_1_535' title='bbox 2116 3837 2348 3882; x_wconf 75' lang='lat' dir='ltr'>tentasse</span> <span class='ocrx_word' id='word_1_536' title='bbox 2383 3844 2449 3880; x_wconf 79' lang='lat' dir='ltr'>ne</span> <span class='ocrx_word' id='word_1_537' title='bbox 2484 3828 2607 3882; x_wconf 80' lang='lat' dir='ltr'>abo,</span> <span class='ocrx_word' id='word_1_538' title='bbox 2653 3828 2724 3881; x_wconf 87' lang='lat' dir='ltr'>id.</span> <span class='ocrx_word' id='word_1_539' title='bbox 2761 3830 2881 3882; x_wconf 82' lang='lat' dir='ltr'>Am.</span> 
     </span>
    </p>

    <p class='ocr_par' dir='ltr' id='par_1_14' title="bbox 550 3894 2887 4711">
     <span class='ocr_line' id='line_1_50' title="bbox 593 3894 2883 3965; baseline 0.001 -19"><span class='ocrx_word' id='word_1_540' title='bbox 593 3934 604 3953; x_wconf 85' lang='grc'><strong>,</strong></span> <span class='ocrx_word' id='word_1_541' title='bbox 644 3895 699 3953; x_wconf 91' lang='grc'>8,</span> <span class='ocrx_word' id='word_1_542' title='bbox 739 3897 818 3947; x_wconf 87' lang='grc'>75.</span> <span class='ocrx_word' id='word_1_543' title='bbox 868 3902 930 3946; x_wconf 81' lang='lat' dir='ltr'>ut</span> <span class='ocrx_word' id='word_1_544' title='bbox 965 3895 1173 3959; x_wconf 74' lang='lat' dir='ltr'>nullum</span> <span class='ocrx_word' id='word_1_545' title='bbox 1207 3896 1466 3965; x_wconf 73' lang='lat' dir='ltr'>patiendi</span> <span class='ocrx_word' id='word_1_546' title='bbox 1506 3897 1733 3963; x_wconf 66' lang='lat' dir='ltr'>collique</span> <span class='ocrx_word' id='word_1_547' title='bbox 1773 3913 1947 3949; x_wconf 64' lang='lat' dir='ltr'>usvmc.</span> <span class='ocrx_word' id='word_1_548' title='bbox 2018 3895 2102 3948; x_wconf 84' lang='lat' dir='ltr'>Cf.</span> <span class='ocrx_word' id='word_1_549' title='bbox 2140 3895 2367 3950; x_wconf 78' lang='lat' dir='ltr'>Gronov.</span> <span class='ocrx_word' id='word_1_550' title='bbox 2509 3895 2627 3948; x_wconf 87' lang='lat' dir='ltr'>Sen.</span> <span class='ocrx_word' id='word_1_551' title='bbox 2665 3894 2883 3964; x_wconf 68' lang='lat' dir='ltr'>Thyest.</span> 
     </span>
     <span class='ocr_line' id='line_1_51' title="bbox 553 3960 2879 4032; baseline 0.001 -20"><span class='ocrx_word' id='word_1_552' title='bbox 553 3964 670 4013; x_wconf 85' lang='grc'><strong>470.</strong></span> <span class='ocrx_word' id='word_1_553' title='bbox 710 3964 765 4013; x_wconf 89' lang='lat' dir='ltr'>et</span> <span class='ocrx_word' id='word_1_554' title='bbox 800 3960 1027 4015; x_wconf 62' lang='lat' dir='ltr'>Salmas</span> <span class='ocrx_word' id='word_1_555' title='bbox 1066 3962 1249 4016; x_wconf 84' lang='lat' dir='ltr'>Exere.</span> <span class='ocrx_word' id='word_1_556' title='bbox 1291 3963 1432 4017; x_wconf 85' lang='lat' dir='ltr'>Plin.</span> <span class='ocrx_word' id='word_1_557' title='bbox 1481 3980 1532 4032; x_wconf 85' lang='lat' dir='ltr'>p.</span> <span class='ocrx_word' id='word_1_558' title='bbox 1573 3969 1687 4017; x_wconf 72' lang='lat'>245.</span> <span class='ocrx_word' id='word_1_559' title='bbox 1733 3994 1789 4003; x_wconf 84' lang='lat'>-·</span> <span class='ocrx_word' id='word_1_560' title='bbox 1834 3964 2131 4017; x_wconf 81' lang='lat' dir='ltr'>incidere</span> <span class='ocrx_word' id='word_1_561' title='bbox 2185 3980 2441 4017; x_wconf 79' lang='lat' dir='ltr'>amores</span> <span class='ocrx_word' id='word_1_562' title='bbox 2488 3964 2879 4017; x_wconf 73' lang='lat' dir='ltr'>Arboribus.</span> 
     </span>
     <span class='ocr_line' id='line_1_52' title="bbox 553 4028 2883 4097; baseline 0.001 -17"><span class='ocrx_word' id='word_1_563' title='bbox 553 4028 635 4081; x_wconf 81' lang='lat' dir='ltr'>Cf.</span> <span class='ocrx_word' id='word_1_564' title='bbox 669 4032 781 4082; x_wconf 90' lang='lat' dir='ltr'>not.</span> <span class='ocrx_word' id='word_1_565' title='bbox 817 4028 886 4083; x_wconf 86' lang='lat' dir='ltr'>ad</span> <span class='ocrx_word' id='word_1_566' title='bbox 921 4029 1033 4082; x_wconf 88' lang='lat' dir='ltr'>Ecl.</span> <span class='ocrx_word' id='word_1_567' title='bbox 1074 4029 1142 4092; x_wconf 85' lang='lat' dir='ltr'>V,</span> <span class='ocrx_word' id='word_1_568' title='bbox 1188 4036 1245 4083; x_wconf 88' lang='lat'>13</span> <span class='ocrx_word' id='word_1_569' title='bbox 1282 4050 1307 4083; x_wconf 84' lang='lat' dir='ltr'>s</span> <span class='ocrx_word' id='word_1_570' title='bbox 1350 4072 1360 4082; x_wconf 93' lang='lat'>.</span> <span class='ocrx_word' id='word_1_571' title='bbox 1399 4063 1463 4071; x_wconf 88' lang='lat'>—</span> <span class='ocrx_word' id='word_1_572' title='bbox 1504 4031 1596 4091; x_wconf 74' lang='lat'>54.</span> <span class='ocrx_word' id='word_1_573' title='bbox 1649 4039 1989 4097; x_wconf 74' lang='lat' dir='ltr'>„crescent</span> <span class='ocrx_word' id='word_1_574' title='bbox 2021 4032 2203 4097; x_wconf 80' lang='lat' dir='ltr'>illae,</span> <span class='ocrx_word' id='word_1_575' title='bbox 2241 4031 2883 4084; x_wconf 62' lang='lat' dir='ltr'>cresonia-umores:</span> 
     </span>
     <span class='ocr_line' id='line_1_53' title="bbox 554 4093 2881 4179; baseline 0.002 -32"><span class='ocrx_word' id='word_1_576' title='bbox 554 4093 650 4148; x_wconf 91' lang='lat' dir='ltr'>hoc</span> <span class='ocrx_word' id='word_1_577' title='bbox 688 4111 827 4158; x_wconf 80' lang='lat' dir='ltr'>vero,</span> <span class='ocrx_word' id='word_1_578' title='bbox 866 4097 910 4149; x_wconf 89' lang='lat' dir='ltr'>si</span> <span class='ocrx_word' id='word_1_579' title='bbox 946 4095 1075 4179; x_wconf 71' lang='lat' dir='ltr'>quid</span> <span class='ocrx_word' id='word_1_580' title='bbox 1110 4096 1272 4153; x_wconf 90' lang='lat' dir='ltr'>aliud.</span> <span class='ocrx_word' id='word_1_581' title='bbox 1342 4099 1621 4165; x_wconf 78' lang='lat' dir='ltr'>‘&#39;ergiliaua</span> <span class='ocrx_word' id='word_1_582' title='bbox 1657 4099 1928 4165; x_wconf 72' lang='lat' dir='ltr'>elegantia</span> <span class='ocrx_word' id='word_1_583' title='bbox 1958 4098 2197 4165; x_wconf 78' lang='lat' dir='ltr'>dignum.</span> <span class='ocrx_word' id='word_1_584' title='bbox 2244 4100 2506 4168; x_wconf 85' lang='lat' dir='ltr'>Compara</span> <span class='ocrx_word' id='word_1_585' title='bbox 2532 4098 2686 4153; x_wconf 86' lang='lat' dir='ltr'>Ovid.</span> <span class='ocrx_word' id='word_1_586' title='bbox 2709 4098 2881 4167; x_wconf 88' lang='lat' dir='ltr'>Epist.</span> 
     </span>
     <span class='ocr_line' id='line_1_54' title="bbox 550 4161 2887 4244; baseline 0.001 -28"><span class='ocrx_word' id='word_1_587' title='bbox 550 4161 614 4225; x_wconf 83' lang='lat' dir='ltr'>V,</span> <span class='ocrx_word' id='word_1_588' title='bbox 653 4166 735 4217; x_wconf 84' lang='lat'>23.</span> <span class='ocrx_word' id='word_1_589' title='bbox 770 4166 850 4217; x_wconf 82' lang='lat'>24.</span> <span class='ocrx_word' id='word_1_590' title='bbox 914 4164 991 4216; x_wconf 67' lang='grc' dir='ltr'>Εἰ</span> <span class='ocrx_word' id='word_1_591' title='bbox 1027 4174 1281 4244; x_wconf 75' lang='lat' dir='ltr'>qnantum</span> <span class='ocrx_word' id='word_1_592' title='bbox 1326 4168 1527 4233; x_wconf 55' lang='lat' dir='ltr'>sauci,</span> <span class='ocrx_word' id='word_1_593' title='bbox 1578 4174 1783 4219; x_wconf 78' lang='lat' dir='ltr'>tantum</span> <span class='ocrx_word' id='word_1_594' title='bbox 1826 4184 1942 4219; x_wconf 78' lang='lat' dir='ltr'>mea</span> <span class='ocrx_word' id='word_1_595' title='bbox 1979 4167 2202 4220; x_wconf 81' lang='lat' dir='ltr'>nomina</span> <span class='ocrx_word' id='word_1_596' title='bbox 2239 4176 2498 4220; x_wconf 76' lang='lat' dir='ltr'>crescunt.</span> <span class='ocrx_word' id='word_1_597' title='bbox 2571 4165 2803 4219; x_wconf 74' lang='lat' dir='ltr'>Crescite</span> <span class='ocrx_word' id='word_1_598' title='bbox 2836 4175 2887 4219; x_wconf 76' lang='lat' dir='ltr'>et</span> 
     </span>
     <span class='ocr_line' id='line_1_55' title="bbox 551 4228 2883 4303; baseline 0.003 -23"><span class='ocrx_word' id='word_1_599' title='bbox 551 4228 609 4281; x_wconf 83' lang='lat' dir='ltr'>in</span> <span class='ocrx_word' id='word_1_600' title='bbox 655 4229 842 4284; x_wconf 73' lang='lat' dir='ltr'>titulos</span> <span class='ocrx_word' id='word_1_601' title='bbox 891 4240 1097 4299; x_wconf 66' lang='lat' dir='ltr'>surque</span> <span class='ocrx_word' id='word_1_602' title='bbox 1140 4242 1290 4287; x_wconf 81' lang='lat' dir='ltr'>reeta</span> <span class='ocrx_word' id='word_1_603' title='bbox 1333 4237 1544 4288; x_wconf 57' lang='lat' dir='ltr'>meo-«ew</span> <span class='ocrx_word' id='word_1_604' title='bbox 1596 4234 1773 4302; x_wconf 73' lang='lat' dir='ltr'>Heyu.</span> <span class='ocrx_word' id='word_1_605' title='bbox 1846 4235 1966 4287; x_wconf 87' lang='lat' dir='ltr'>Non</span> <span class='ocrx_word' id='word_1_606' title='bbox 2007 4235 2185 4288; x_wconf 88' lang='lat' dir='ltr'>minus</span> <span class='ocrx_word' id='word_1_607' title='bbox 2228 4235 2460 4303; x_wconf 80' lang='lat' dir='ltr'>respexit</span> <span class='ocrx_word' id='word_1_608' title='bbox 2508 4233 2651 4287; x_wconf 88' lang='lat' dir='ltr'>hunc</span> <span class='ocrx_word' id='word_1_609' title='bbox 2708 4234 2883 4287; x_wconf 89' lang='lat' dir='ltr'>locum</span> 
     </span>
     <span class='ocr_line' id='line_1_56' title="bbox 554 4297 2884 4374; baseline 0.002 -25"><span class='ocrx_word' id='word_1_610' title='bbox 554 4302 710 4374; x_wconf 71' lang='lat' dir='ltr'>poeta</span> <span class='ocrx_word' id='word_1_611' title='bbox 747 4297 910 4351; x_wconf 80' lang='lat' dir='ltr'>Anth.</span> <span class='ocrx_word' id='word_1_612' title='bbox 950 4299 1071 4353; x_wconf 88' lang='lat' dir='ltr'>Lat.</span> <span class='ocrx_word' id='word_1_613' title='bbox 1106 4299 1288 4354; x_wconf 80' lang='lat' dir='ltr'>Burin.</span> <span class='ocrx_word' id='word_1_614' title='bbox 1326 4302 1433 4356; x_wconf 84' lang='lat' dir='ltr'>Ill.</span> <span class='ocrx_word' id='word_1_615' title='bbox 1473 4305 1596 4364; x_wconf 87' lang='grc'><strong>265,</strong></span> <span class='ocrx_word' id='word_1_616' title='bbox 1633 4308 1682 4354; x_wconf 92' lang='grc'>4.</span> <span class='ocrx_word' id='word_1_617' title='bbox 1761 4302 1964 4355; x_wconf 69' lang='lat' dir='ltr'>Crescit</span> <span class='ocrx_word' id='word_1_618' title='bbox 1998 4304 2190 4367; x_wconf 76' lang='lat' dir='ltr'>arhor,</span> <span class='ocrx_word' id='word_1_619' title='bbox 2234 4303 2417 4367; x_wconf 63' lang='lat' dir='ltr'>‚qliae-it</span> <span class='ocrx_word' id='word_1_620' title='bbox 2450 4303 2651 4367; x_wconf 78' lang='lat' dir='ltr'>ardor,</span> <span class='ocrx_word' id='word_1_621' title='bbox 2696 4320 2884 4354; x_wconf 72' lang='lat' dir='ltr'>ramus</span> 
     </span>
     <span class='ocr_line' id='line_1_57' title="bbox 552 4365 2880 4434; baseline 0.004 -20"><span class='ocrx_word' id='word_1_622' title='bbox 552 4365 737 4434; x_wconf 67' lang='lat' dir='ltr'>implet</span> <span class='ocrx_word' id='word_1_623' title='bbox 769 4366 972 4419; x_wconf 74' lang='lat' dir='ltr'>literas.</span> <span class='ocrx_word' id='word_1_624' title='bbox 1047 4367 1292 4422; x_wconf 84' lang='lat' dir='ltr'>Cetermn</span> <span class='ocrx_word' id='word_1_625' title='bbox 1336 4370 1402 4422; x_wconf 88' lang='lat' dir='ltr'>cf.</span> <span class='ocrx_word' id='word_1_626' title='bbox 1439 4370 1586 4423; x_wconf 80' lang='lat' dir='ltr'>locus</span> <span class='ocrx_word' id='word_1_627' title='bbox 1621 4369 1867 4422; x_wconf 87' lang='lat' dir='ltr'>similiter</span> <span class='ocrx_word' id='word_1_628' title='bbox 1902 4372 2164 4424; x_wconf 82' lang='lat' dir='ltr'>formatus</span> <span class='ocrx_word' id='word_1_629' title='bbox 2199 4371 2329 4423; x_wconf 85' lang='lat' dir='ltr'>Aen.</span> <span class='ocrx_word' id='word_1_630' title='bbox 2369 4368 2493 4431; x_wconf 81' lang='lat' dir='ltr'>VH,</span> <span class='ocrx_word' id='word_1_631' title='bbox 2533 4372 2647 4425; x_wconf 84' lang='lat'>843.</span> <span class='ocrx_word' id='word_1_632' title='bbox 2707 4372 2880 4423; x_wconf 83' lang='lat' dir='ltr'>Aera-</span> 
     </span>
     <span class='ocr_line' id='line_1_58' title="bbox 552 4435 2879 4507; baseline 0.003 -24"><span class='ocrx_word' id='word_1_633' title='bbox 552 4436 739 4499; x_wconf 78' lang='lat' dir='ltr'>taeque</span> <span class='ocrx_word' id='word_1_634' title='bbox 760 4435 966 4486; x_wconf 76' lang='lat' dir='ltr'>micant</span> <span class='ocrx_word' id='word_1_635' title='bbox 980 4437 1176 4504; x_wconf 68' lang='lat' dir='ltr'>peltae,</span> <span class='ocrx_word' id='word_1_636' title='bbox 1211 4438 1375 4489; x_wconf 74' lang='lat' dir='ltr'>micat</span> <span class='ocrx_word' id='word_1_637' title='bbox 1399 4455 1591 4491; x_wconf 76' lang='lat' dir='ltr'>aereus</span> <span class='ocrx_word' id='word_1_638' title='bbox 1625 4439 1766 4489; x_wconf 68' lang='lat' dir='ltr'>emis</span> <span class='ocrx_word' id='word_1_639' title='bbox 1799 4446 1852 4490; x_wconf 86' lang='lat' dir='ltr'>et</span> <span class='ocrx_word' id='word_1_640' title='bbox 1891 4454 2023 4507; x_wconf 85' lang='lat' dir='ltr'>quos</span> <span class='ocrx_word' id='word_1_641' title='bbox 2058 4440 2335 4507; x_wconf 84' lang='lat' dir='ltr'>praeterea</span> <span class='ocrx_word' id='word_1_642' title='bbox 2370 4438 2528 4499; x_wconf 78' lang='lat' dir='ltr'>locoS,</span> <span class='ocrx_word' id='word_1_643' title='bbox 2567 4437 2657 4491; x_wconf 89' lang='lat' dir='ltr'>ubi</span> <span class='ocrx_word' id='word_1_644' title='bbox 2695 4438 2879 4491; x_wconf 87' lang='lat' dir='ltr'>eadem</span> 
     </span>
     <span class='ocr_line' id='line_1_59' title="bbox 555 4501 2879 4579; baseline 0.003 -31"><span class='ocrx_word' id='word_1_645' title='bbox 555 4513 651 4549; x_wconf 84' lang='lat' dir='ltr'>vox</span> <span class='ocrx_word' id='word_1_646' title='bbox 678 4505 797 4566; x_wconf 86' lang='lat' dir='ltr'>post</span> <span class='ocrx_word' id='word_1_647' title='bbox 823 4501 1051 4579; x_wconf 77' lang='lat' dir='ltr'>alteram</span> <span class='ocrx_word' id='word_1_648' title='bbox 1074 4506 1126 4555; x_wconf 89' lang='lat' dir='ltr'>et</span> <span class='ocrx_word' id='word_1_649' title='bbox 1152 4509 1273 4571; x_wconf 88' lang='lat' dir='ltr'>post</span> <span class='ocrx_word' id='word_1_650' title='bbox 1300 4512 1545 4574; x_wconf 86' lang='lat' dir='ltr'>quartam</span> <span class='ocrx_word' id='word_1_651' title='bbox 1581 4506 1723 4560; x_wconf 87' lang='lat' dir='ltr'>arsin</span> <span class='ocrx_word' id='word_1_652' title='bbox 1760 4506 2006 4569; x_wconf 81' lang='lat' dir='ltr'>iteratur,</span> <span class='ocrx_word' id='word_1_653' title='bbox 2045 4505 2261 4573; x_wconf 79' lang='lat' dir='ltr'>collegit</span> <span class='ocrx_word' id='word_1_654' title='bbox 2281 4505 2525 4559; x_wconf 87' lang='lat' dir='ltr'>Gebauer</span> <span class='ocrx_word' id='word_1_655' title='bbox 2558 4504 2623 4559; x_wconf 87' lang='lat' dir='ltr'>de</span> <span class='ocrx_word' id='word_1_656' title='bbox 2697 4510 2799 4558; x_wconf 74' lang='lat' dir='ltr'>oet.</span> <span class='ocrx_word' id='word_1_657' title='bbox 2836 4504 2879 4557; x_wconf 93' lang='lat' dir='ltr'>I.</span> 
     </span>
     <span class='ocr_line' id='line_1_60' title="bbox 558 4567 2882 4633; baseline 0.004 -19"><span class='ocrx_word' id='word_1_658' title='bbox 558 4580 612 4632; x_wconf 90' lang='lat' dir='ltr'>p.</span> <span class='ocrx_word' id='word_1_659' title='bbox 650 4567 732 4617; x_wconf 89' lang='grc'>41.</span> <span class='ocrx_word' id='word_1_660' title='bbox 773 4567 1007 4623; x_wconf 81' lang='lat' dir='ltr'>(Similes</span> <span class='ocrx_word' id='word_1_661' title='bbox 1042 4574 1182 4623; x_wconf 86' lang='lat' dir='ltr'>certe</span> <span class='ocrx_word' id='word_1_662' title='bbox 1219 4580 1399 4625; x_wconf 88' lang='lat' dir='ltr'>nostro</span> <span class='ocrx_word' id='word_1_663' title='bbox 1435 4572 1549 4626; x_wconf 90' lang='lat' dir='ltr'>loco</span> <span class='ocrx_word' id='word_1_664' title='bbox 1585 4577 1712 4626; x_wconf 86' lang='lat' dir='ltr'>sunt</span> <span class='ocrx_word' id='word_1_665' title='bbox 1744 4575 1873 4625; x_wconf 84' lang='lat' dir='ltr'>Aen.</span> <span class='ocrx_word' id='word_1_666' title='bbox 1911 4573 2005 4633; x_wconf 82' lang='lat' dir='ltr'>IX,</span> <span class='ocrx_word' id='word_1_667' title='bbox 2047 4577 2162 4626; x_wconf 90' lang='grc'><strong>704.</strong></span> <span class='ocrx_word' id='word_1_668' title='bbox 2197 4572 2319 4633; x_wconf 84' lang='grc' dir='ltr'>ΧΠ,</span> <span class='ocrx_word' id='word_1_669' title='bbox 2355 4576 2465 4626; x_wconf 77' lang='grc'><strong>188.</strong></span> <span class='ocrx_word' id='word_1_670' title='bbox 2503 4579 2558 4626; x_wconf 90' lang='lat' dir='ltr'>et</span> <span class='ocrx_word' id='word_1_671' title='bbox 2675 4574 2717 4628; x_wconf 87' lang='lat'>1.</span> <span class='ocrx_word' id='word_1_672' title='bbox 2746 4575 2882 4626; x_wconf 72' lang='lat'>755.»</span> 
     </span>
     <span class='ocr_line' id='line_1_61' title="bbox 560 4629 2882 4711; baseline 0.002 -21"><span class='ocrx_word' id='word_1_673' title='bbox 560 4661 609 4669; x_wconf 55' lang='lat' dir='ltr'>-r</span> <span class='ocrx_word' id='word_1_674' title='bbox 658 4629 751 4690; x_wconf 77' lang='grc' dir='ltr'><strong>ὃὸ.</strong></span> <span class='ocrx_word' id='word_1_675' title='bbox 798 4633 1062 4701; x_wconf 83' lang='lat' dir='ltr'>Compara</span> <span class='ocrx_word' id='word_1_676' title='bbox 1096 4651 1213 4690; x_wconf 83' lang='lat' dir='ltr'>cum</span> <span class='ocrx_word' id='word_1_677' title='bbox 1249 4637 1301 4692; x_wconf 91' lang='lat' dir='ltr'>h.</span> <span class='ocrx_word' id='word_1_678' title='bbox 1340 4639 1376 4693; x_wconf 93' lang='lat' dir='ltr'>l.</span> <span class='ocrx_word' id='word_1_679' title='bbox 1414 4640 1539 4694; x_wconf 87' lang='lat' dir='ltr'>Geo.</span> <span class='ocrx_word' id='word_1_680' title='bbox 1578 4640 1678 4703; x_wconf 84' lang='lat'>111,</span> <span class='ocrx_word' id='word_1_681' title='bbox 1715 4645 1815 4692; x_wconf 75' lang='lat'>409</span> <span class='ocrx_word' id='word_1_682' title='bbox 1854 4658 1930 4709; x_wconf 85' lang='lat' dir='ltr'>sq.</span> <span class='ocrx_word' id='word_1_683' title='bbox 1978 4640 2227 4694; x_wconf 74' lang='lat' dir='ltr'>·mi2:tis</span> <span class='ocrx_word' id='word_1_684' title='bbox 2260 4640 2598 4711; x_wconf 67' lang='lat' dir='ltr'>Nymphis,</span> <span class='ocrx_word' id='word_1_685' title='bbox 2635 4657 2730 4709; x_wconf 89' lang='lat' dir='ltr'>pro</span> <span class='ocrx_word' id='word_1_686' title='bbox 2766 4639 2882 4694; x_wconf 81' lang='lat' dir='ltr'>vul·</span> 
     </span>
    </p>
   </div>
   <div class='ocr_carea' id='block_1_5' title="bbox 1234 1595 2886 1655">
    <p class='ocr_par' dir='ltr' id='par_1_15' title="bbox 1234 1595 2886 1674">
     <span class='ocr_line' id='line_1_62' title="bbox 1234 1595 2886 1655; baseline 0 -7"><span class='ocrx_word' id='word_1_687' title='bbox 1234 1614 1294 1650; x_wconf 82' lang='lat' dir='ltr'>ve</span> <span class='ocrx_word' id='word_1_688' title='bbox 1331 1597 1519 1651; x_wconf 83' lang='lat' dir='ltr'>laedi</span> <span class='ocrx_word' id='word_1_689' title='bbox 1555 1595 1733 1649; x_wconf 73' lang='lat' dir='ltr'>Crura</span> <span class='ocrx_word' id='word_1_690' title='bbox 1766 1604 1984 1650; x_wconf 76' lang='lat' dir='ltr'>secent</span> <span class='ocrx_word' id='word_1_691' title='bbox 2015 1605 2201 1651; x_wconf 66' lang='lat' dir='ltr'>sente-s.</span> <span class='ocrx_word' id='word_1_692' title='bbox 2225 1627 2291 1635; x_wconf 97' lang='lat'><strong>—</strong></span> <span class='ocrx_word' id='word_1_693' title='bbox 2325 1595 2417 1655; x_wconf 80' lang='grc'>49.</span> <span class='ocrx_word' id='word_1_694' title='bbox 2455 1595 2607 1649; x_wconf 82' lang='lat' dir='ltr'>Voss.</span> <span class='ocrx_word' id='word_1_695' title='bbox 2634 1596 2741 1649; x_wconf 89' lang='lat' dir='ltr'>iam</span> <span class='ocrx_word' id='word_1_696' title='bbox 2765 1611 2886 1649; x_wconf 89' lang='lat' dir='ltr'>con-</span> 
     </span>
    </p>
   </div>
  </div>
 </body>
</html>
