3616 5026
1348 221 1869 290 GEORGICON
1907 222 2069 289 LIB.
2111 221 2194 289 Π.
2842 229 2962 291 333

639 390 1004 456 Arboribus
1047 391 1274 477 positis
1318 401 1493 456 secto
1536 391 1647 455 via
1684 389 1888 454 limite
1929 389 2216 477 quadret.

640 474 729 539 Ut
773 496 967 562 saepe
1007 475 1252 558 ingenti
1294 472 1463 539 bello
1506 495 1649 538 cum
1691 473 1888 559 longa
1913 472 2209 539 cohortis

638 557 975 645 Explicuit
1015 556 1186 643 legio
1234 569 1298 622 et
1343 579 1485 622 cam
1535 579 1571 623 o
1613 558 1788 621 stetit
1828 578 2060 641 agmen
2104 565 2350 643 aperto,
2863 568 2962 618 280

639 640 1074 739 Directaeque
1120 643 1314 720 acies,
1361 663 1440 706 ac
1480 580 1610 706 iate
1652 640 1917 705 fluctuat
1962 641 2167 705 omnis

639 726 810 790 Aere
852 723 1173 789 remdenti
1216 723 1422 806 tenue,
1465 723 1742 789 necdum
1784 722 2052 789 horrida
2091 725 2364 788 miscent

638 807 916 890 Proelia,
960 807 1075 872 sed
1121 806 1355 872 dubius
1397 808 1627 872 mediis
1670 805 1846 870 Mars
1890 815 2032 872 erat
2071 807 2139 871 in
2182 807 2396 872 armis

642 888 879 955 Omnia
919 893 1047 956 sint
1094 889 1357 976 paribus
1400 893 1685 955 numeris
1728 889 2019 954 dimensa
2060 892 2347 973 viarum3

641 1071 896 1137 absolute,
932 1080 1204 1126 accurate.
1274 1074 1358 1128 cf.
1395 1090 1446 1127 v.
1483 1089 1527 1126 c.
1564 1073 1690 1126 Hor.
1730 1072 1897 1125 Serm.
1935 1073 1977 1130 Ι,
2017 1076 2064 1132 5,
2093 1075 2174 1125 32.
2213 1073 2475 1126 Fonteius
2507 1074 2587 1126 ad
2614 1089 2840 1140 unquam
2860 1074 2965 1139 fa-

641 1146 755 1190 etus
791 1139 969 1193 homo.
1016 1139 1087 1194 id.
1123 1141 1186 1194 A.
1222 1140 1283 1197 P.
1320 1146 1437 1195 294.
1501 1140 1731 1193 (Jarmeu
1757 1147 2065 1210 perfectum
2098 1142 2272 1194 decies
2305 1141 2576 1207 cmtiyare
2612 1142 2692 1193 αιΖ
2721 1157 2964 1209 unquem.

640 1205 843 1259 Colum.
885 1206 978 1270 XI,
1018 1211 1065 1271 2,
1108 1212 1188 1262 13.
1223 1210 1526 1264 Materiam
1565 1209 1761 1261 dolare
1795 1211 1875 1261 acl
1905 1227 2145 1275 umquem.
2195 1208 2439 1276 Appulei.
2477 1208 2619 1262 Flor.
2656 1210 2739 1260 23.
2788 1208 2969 1278 Lapis

639 1274 719 1325 ad
732 1292 956 1341 unquam
984 1285 1315 1344 coaequam-9
1352 1283 1456 1331 etc.
1527 1276 1678 1341 Quod
1704 1275 1930 1345 denique
1955 1275 2024 1329 ad
2063 1277 2510 1344 comparationem
2544 1276 2741 1329 attinet
2779 1275 2968 1329 vitium

641 1340 821 1395 ordine
860 1342 1240 1411 dispositarum
1276 1361 1395 1399 cum
1432 1344 1639 1413 legione
1675 1344 1781 1397 lon
1838 1360 1891 1400 a,
1935 1360 2070 1413 quae
2107 1342 2347 1397 cohortes
2395 1343 2812 1411 explicuerit,
2859 1343 2964 1396 iam

640 1406 767 1463 haec
804 1410 922 1478 ipsa
955 1412 1117 1465 verba
1150 1411 1416 1474 indicant,
1460 1412 1523 1465 de
1558 1413 1670 1466 acie
1704 1412 1759 1464 in
1819 1427 2014 1478 ongum
2049 1420 2293 1480 porrecta
2327 1414 2381 1464 et
2416 1410 2788 1479 manipulatim
2824 1418 2969 1463 stru-

642 1479 730 1530 cta
763 1493 1231 1599 sermonemHesse‚
1270 1497 1403 1549 quae
1441 1483 1497 1534 et
1530 1480 1648 1547 ipsa
1682 1479 1821 1533 hane
1856 1479 2090 1532 habebat
2125 1479 2509 1548 quicuncialem
2545 1480 2796 1548 speciem:

1107 1548 1298 1602 astati:
1405 1567 1474 1604 Ξ
1540 1565 1608 1602 Ξ
1673 1566 1740 1603 Ξ
1805 1566 1873 1602 Ξ

1053 1613 1352 1694 Principes:
1470 1628 1538 1666 Ξ
1604 1629 1671 1667 Ξ
1737 1630 1804 1666 Ξ
1870 1629 1936 1667 Ξ

1055 1682 1270 1736 Triarii:
1405 1702 1473 1739 Ξ
1539 1701 1606 1738 Ξ
1671 1700 1739 1737 Ξ
1805 1702 1872 1739 Ξ

640 1746 789 1800 Conf.
826 1746 969 1816 Lips.
1009 1747 1076 1802 de
1113 1749 1227 1803 mil.
1266 1751 1418 1804 Rom.
1457 1752 1556 1810 IV,
1603 1756 1644 1804 1.
1714 1749 1887 1814 Quare
1931 1750 2207 1818 aptissime
2249 1748 2469 1816 adiungi
2516 1748 2653 1802 hanc
2694 1765 2966 1818 compara·

642 1815 863 1869 tionem:
913 1814 988 1870 Ut
1034 1816 1174 1886 legio
1221 1819 1466 1873 cohortes
1515 1819 1929 1887 (manipulatim)
1985 1818 2122 1870 solet
2157 1817 2433 1885 explicare,
2482 1817 2602 1870 ‹ita›
2641 1818 2826 1869 omnia
2862 1819 2972 1871 sint

640 1883 870 1951 paribus
908 1886 1146 1938 numerals
1190 1887 1435 1940 dimensa
1473 1887 1693 1941 viarum
1736 1885 2206 1946 (intervallorum).
2256 1900 2410 1938 nemo
2452 1900 2558 1937 non
2592 1884 2751 1938 videt.
2826 1885 2970 1939 Haec

642 1950 771 2003 mihi
817 1951 1030 2004 videtur
1074 1952 1473 2022 simplicissima
1515 1954 1689 2008 locum
1736 1953 2072 2022 intelligendi
2115 1953 2277 2012 rati0‚
2325 1952 2410 2006 cui
2449 1952 2845 2005 distinctionem
2884 1968 2971 2006 ae-

642 2018 986 2072 commodavi.
1061 2021 1340 2089 Superest,
1377 2029 1441 2075 ut
1475 2023 1637 2076 etiam
1676 2020 1900 2074 aliorum
1938 2021 2233 2074 sententias
2278 2020 2508 2073 breviter
2551 2036 2969 2074 commemorem.

641 2085 834 2154 Wagn.
872 2085 1051 2140 locum
1089 2088 1166 2140 sic
1199 2087 1563 2158 distinguens:
1609 2089 1844 2153 Indulqe
1883 2088 2184 2153 ordinibw,
2222 2105 2320 2140 uec
2351 2088 2518 2141 setius·
2555 2089 2742 2150 omine,
2781 2088 2839 2139 in
2872 2106 2970 2139 uu-

639 2170 795 2220 quem
832 2155 1211 2275 arhffoaitis,
1246 2166 1393 2210 secto
1428 2160 1578 2216 cett.⁹
1616 2173 1728 2210 voc.
1763 2157 1929 2209 secius
1972 2155 2245 2223 coniungit
2287 2171 2406 2208 cum
2450 2156 2739 2207 arboribus
2771 2155 2975 2223 positis

646 2226 921 2289 tamquam
1005 2222 1209 2276 blativo
1250 2225 1323 2278 rei
1361 2231 1715 2294 comparatae,
1759 2239 2071 2292 omnemque
2105 2222 2281 2276 locum
2316 2222 2392 2275 sic
2426 2223 2838 2290 interpretatur:
2876 2240 2973 2276 nee

646 2289 817 2341 setius
852 2307 897 2341 s.
935 2306 1032 2344 nec
1068 2290 1244 2344 minus
1281 2309 1440 2360 quam
1477 2294 1691 2346 arbores
1729 2293 1779 2344 in
1817 2307 2065 2355 unguem,
2104 2292 2136 2343 i.
2177 2307 2221 2343 e.
2259 2294 2509 2343 accurate
2543 2307 2586 2343 s,
2622 2291 2675 2343 in
2716 2290 2973 2359 quincun-

643 2371 780 2416 cem,
818 2357 1048 2425 positae,
1093 2359 1360 2427 quadrent
1397 2376 1460 2413 ac
1498 2360 1815 2428 digerantur
1856 2360 2017 2420 vites3
2069 2363 2133 2410 ut
2174 2357 2304 2411 haee
2337 2358 2413 2410 sit
2449 2362 2637 2425 poetae
2675 2360 2967 2411 sententia:

644 2440 745 2476 non
783 2424 1040 2478 minorem
1077 2426 1129 2478 in
1169 2428 1399 2488 vitibuS,
1451 2444 1612 2496 quam
1647 2428 1701 2480 in
1740 2427 2043 2481 arboribus,
2086 2425 2426 2492 disponendis
2464 2425 2823 2478 adhibendam
2859 2443 2972 2479 esse

643 2506 843 2545 curam.
913 2492 1016 2547 Sed
1052 2497 1117 2547 ut
1156 2511 1261 2549 non
1300 2512 1519 2564 urgeam
1556 2496 1866 2550 Ablativum
1917 2492 2172 2548 vocabulo
2216 2492 2383 2546 setius
2424 2492 2606 2561 paullo
2655 2493 2974 2547 insolentius

644 2560 980 2623 adiunctum,
1038 2562 1211 2630 ipsam
1263 2569 1445 2618 tamen
1497 2564 1941 2632 comparationem
1990 2562 2143 2615 illam
2192 2562 2382 2614 vitium
2427 2578 2548 2614 cum
2592 2562 2871 2615 arboribus
2906 2563 2972 2616 ab

643 2628 742 2680 hoc
784 2627 898 2680 loco
944 2628 1176 2683 alienam
1216 2636 1365 2698 puto.
1436 2632 1572 2700 [Non
1619 2638 1799 2684 tamen
1838 2629 2181 2684 reticendum.
2219 2628 2542 2692 wagnerum
2588 2629 2640 2680 in
2678 2630 2804 2682 min.
2844 2629 2972 2683 edit.

645 2699 857 2748 mutata
892 2698 1161 2751 sententia
1196 2700 1368 2764 magis
1403 2700 1650 2753 accedere
1687 2698 1754 2751 ad
1789 2705 2027 2750 nostram
2063 2695 2482 2764 explicationem.
2537 2695 2775 2749 Adnotat
2803 2697 2969 2749 enim:

645 2761 919 2830 „Indulye
941 2765 1246 2832 ordinibus,
1283 2767 1316 2818 i.
1343 2784 1388 2819 e.
1429 2769 1515 2819 fac
1541 2766 1751 2819 ordines
1778 2766 2000 2818 laxiores
2018 2765 2108 2831 (Β).
2148 2782 2245 2816 uec
2266 2764 2448 2830 setius,
2488 2764 2541 2816 in
2570 2763 2704 2816 laxis
2736 2766 2850 2817 scil.
2887 2782 2970 2816 or-

646 2830 884 2892 dinibuS,
934 2848 1095 2900 quam
1138 2834 1232 2886 ubi
1275 2833 1440 2887 densa
1475 2835 1696 2895 serem,
1750 2834 2039 2886 arboribus
2072 2850 2192 2901 pos.
2233 2833 2292 2884 iu
2328 2849 2582 2897 unguem,
2634 2850 2694 2885 eo
2739 2840 2802 2885 ut
2838 2833 2974 2884 vites

647 2897 899 2965 disponas
944 2903 1217 2957 accurate.
1275 2920 1319 2952 S.
1374 2902 1532 2954 certis
1583 2900 1881 2954 intervallis
1930 2900 2151 2954 efficies.
2204 2902 2265 2950 ut
2317 2914 2497 2951 omnes
2535 2899 2622 2951 via
2665 2900 2972 2967 quadret.··]

646 2965 922 3019 Wunderl.
960 2972 1143 3021 autem
1178 2984 1299 3021 cum
1335 2968 1652 3022 Forcellinio
1687 2987 1797 3021 uon
1832 2967 1997 3020 setim
2030 2967 2223 3034 accipit
2259 2982 2375 3033 pro:
2419 2965 2603 3019 eodem
2645 2966 2824 3020 modo.
2863 2967 2973 3019 sive

646 3032 699 3084 in
733 3032 894 3102 plano
932 3035 1042 3088 sive
1076 3036 1129 3087 in
1167 3036 1302 3089 colle
1336 3036 1503 3090 vitem
1575 3053 1729 3098 onas:
1816 3036 1920 3088 uod
1965 3034 2323 3103 superioribus
2359 3050 2576 3113 prorsus
2612 3034 2884 3087 adversari
2919 3035 2973 3085 in

644 3105 897 3168 promptu
931 3105 1031 3156 est.
1102 3103 1473 3165 Hildebrand„
1584 3121 1708 3158 nsor
1751 3052 1879 3157 edit.
1929 3118 2075 3155 meae
2109 3102 2164 3154 in
2201 3099 2373 3154 Iahnil
2407 3100 2573 3154 Novis
2609 3101 2823 3156 Annali.
2862 3100 2899 3154 1.
2932 3101 2970 3154 1.

646 3185 697 3235 p.
741 3172 873 3225 167..
914 3186 1070 3237 quem
1106 3186 1190 3224 me
1229 3187 1333 3224 non
1374 3172 1509 3225 satis
1547 3171 1869 3225 intellexisse
1903 3174 2059 3238 puto.
2103 3168 2223 3222 aliis
2261 3171 2476 3221 tantum
2524 3169 2697 3221 verbis
2731 3168 2970 3227 eandem,

646 3251 805 3303 quam
842 3252 869 3289 e
909 3256 964 3295 o,
1006 3240 1254 3305 proponit
1296 3239 1718 3308 explicationem.
1787 3238 1934 3291 Alios
1969 3238 2175 3289 omitto.
2215 3267 2279 3275 —-
2333 3232 2645 3295 279—283.
2702 3238 2836 3289 (jum
2874 3236 2973 3288 hac

645 3301 852 3371 splendi
892 3320 925 3356 a
971 3306 1365 3373 comparatione
1408 3308 1475 3359 cs.
1517 3306 1727 3361 Lucret.
1763 3305 1842 3360 11.
1883 3308 2164 3358 323—332.
2202 3333 2267 3343 —
2303 3303 2473 3369 lunge
2513 3305 2697 3356 verba:
2754 3304 2822 3356 Ut
2856 3322 2974 3356 σιιηι

644 3387 830 3439 saepe,
871 3374 927 3423 et
960 3372 1029 3423 cs.
1064 3370 1275 3425 adnott.
1316 3374 1385 3427 ad
1424 3375 1552 3427 Aen.
1591 3374 1633 3429 1.
1677 3377 1785 3427 148.
1825 3405 1888 3412 —-
1926 3372 2122 3439 lonya
2159 3387 2217 3424 eo
2255 3370 2385 3438 ipso,
2463 3370 2568 3424 uod
2604 3389 2660 3423 se
2695 3371 2851 3424 lonae
2886 3388 2970 3423 ex-

683 3437 825 3490 licat.
866 3469 931 3476 —-
970 3437 1034 3491 V.
1073 3435 1204 3498 280.
1251 3444 1400 3494 totus
1446 3442 1675 3494 iteratur
1716 3441 1782 3493 ab
1826 3440 2094 3493 imitatore
2129 3440 2288 3507 Verg.
2334 3439 2386 3491 in
2471 3437 2588 3490 nth.
2629 3439 2746 3491 Lat.
2785 3413 2970 3491 Burnn.

684 3546 696 3563 .
740 3508 856 3561 175.
894 3508 1010 3558 227.
1046 3536 1114 3546 -
1169 3505 1296 3566 281.
1354 3510 1818 3577 Dirce-tueque.
1879 3507 2132 3561 Ribbeck.
2179 3522 2238 3559 ex
2284 3504 2494 3558 schedis
2539 3506 2728 3558 Veron.
2775 3507 2972 3574 recepit

648 3573 1033 3641 Dera-taem.
1102 3575 1185 3628 cf.
1224 3576 1337 3629 eius
1373 3576 1582 3641 Proleg.
1618 3594 1667 3645 p.
1694 3581 1811 3628 401.
1843 3606 1907 3614 -
1934 3575 2069 3627 late
2105 3573 2300 3627 tellus
2321 3574 2633 3642 fluctuat
2665 3592 2818 3626 aere
2852 3580 2974 3642 po&-

646 3640 756 3693 tica
779 3639 1074 3695 inversione
1099 3659 1218 3711 pro:
1256 3643 1412 3706 aeris,
1456 3643 1509 3695 h.
1535 3660 1580 3697 e.
1621 3659 1907 3702 armorum,
1945 3643 2124 3712 fulgor
2144 3642 2387 3699 fluctuat,
2417 3645 2677 3701 coruscat,
2705 3642 2760 3693 in
2785 3657 2972 3709 campo

648 3706 773 3760 dum
820 3716 1100 3762 moventur
1137 3726 1289 3765 arma
1335 3715 1390 3764 et
1432 3712 1727 3780 agitantur.
1787 3711 2030 3765 Gebauer
2076 3710 2263 3775 Progr.
2311 3725 2362 3775 p.
2403 3714 2450 3761 ἶ).
2499 3711 2774 3776 comparat
2815 3709 2972 3762 Hom,

646 3773 710 3828 Il.
748 3774 892 3835 m,
922 3780 1037 3830 362.
1072 3780 1311 3845 γέλασσε
1350 3780 1409 3833 δὲ
1450 3785 1607 3832 πᾶσα
1645 3782 1772 3846 περὶ
1802 3781 1974 3847 χθών
2002 3781 2217 3857 χαλκοῦ
2262 3776 2371 3829 ὑπὸ
2410 3783 2702 3840 στεροπῆς.
2740 3807 2806 3816 -
2840 3774 2968 3835 282.

646 3843 980 3896 renidenti
1030 3860 1091 3897 ex
1126 3844 1340 3900 Lucret.
1376 3846 1414 3900 l.
1451 3846 1487 3899 l.
1526 3849 1640 3900 328.
1699 3848 1842 3899 Aere
1890 3846 2181 3898 rande-scit
2228 3843 2400 3897 tellus.
2472 3844 2553 3896 Cf.
2605 3845 2766 3897 etiam
2803 3844 2970 3896 Anth.

647 3908 769 3962 Lat.
806 3909 991 3964 Burni.
1031 3911 1132 3968 ΠΙ.
1171 3917 1251 3969 81.
1290 3917 1368 3967 30.
1413 3916 1558 3968 Aere
1587 3914 1859 3967 renidenti
1887 3917 1958 3967 de
1992 3914 2108 3965 vita
2146 3920 2197 3964 et
2224 3913 2488 3977 sanquine
2525 3920 2740 3966 certant.
2769 3941 2834 3950 —
2869 3911 2972 3964 Pro

646 3980 913 4031 miscent
950 3978 1153 4033 Wakef.
1191 3981 1257 4034 ad
1294 3982 1451 4035 Lucr.
1492 3982 1557 4039 V,
1597 3987 1711 4035 504.
1749 3981 1883 4034 coni.
1940 3981 2125 4033 miscet
2158 3980 2363 4033 (Mars).
2401 3978 2487 4031 vel
2524 3980 2701 4047 potius
2740 3980 2973 4048 antiqui-

648 4060 734 4098 ore
786 4048 958 4099 forma
1005 4048 1207 4115 miscit,
1257 4055 1473 4103 temere.
1554 4050 1790 4102 Miscent
1838 4047 2264 4116 impersonaliter
2312 4046 2515 4099 dictum
2570 4062 2714 4104 (man
2763 4048 2975 4115 beqimet

648 4113 783 4166 noch
816 4115 965 4167 nicht
1008 4116 1114 4168 den
1154 4115 1415 4185 Kampf),
1457 4117 1522 4169 ut
1555 4116 1664 4179 ΠΙ,
1714 4120 1825 4170 158.
1875 4117 2119 4182 inumnt,
2171 4118 2284 4167 312.
2328 4115 2573 4179 tondent,
2626 4119 2738 4167 352.
2783 4123 2971 4177 taient,

648 4178 747 4237 IV.
785 4183 901 4234 297.
950 4191 1208 4251 premunt
1249 4188 1352 4238 etc.
1424 4184 1599 4237 Dictio
1643 4189 1825 4237 autem
1941 4185 2085 4237 oelc‘a
2117 4182 2339 4235 marcere
2383 4181 2522 4234 redit
2556 4180 2683 4235 Ge0.
2718 4182 2820 4243 ΠΙ,
2860 4186 2974 4237 220.

649 4246 765 4301 Vid.
805 4249 969 4302 etiam
1007 4249 1201 4305 Tibull.
1239 4252 1293 4311 Ι,
1332 4257 1385 4307 3.
1419 4256 1502 4305 64.
1546 4257 1602 4305 et
1639 4251 1799 4320 Prop.
1923 4292 1933 4305 .
1975 4255 2037 4303 23
2076 4250 2175 4315 (11,
2214 4254 2317 4309 27»,
2357 4258 2406 4302 δ.
2444 4281 2509 4288 -
2567 4245 2697 4310 283.
2741 4251 2975 4303 mediis

650 4316 978 4437 {gestanti-z,
1016 4317 1302 4440 irffertduo
1339 4319 1620 4439 elstereittus
1657 4319 1952 4439 —dMars
1987 4326 2175 4439 erp-att
2209 4318 2470 4437 dugiaeget,
2519 4317 2974 4439 cumtadlliughin-

890 4400 1053 4443 si.a
1133 4403 1517 4441 uraaee
1615 4403 1790 4440 uano
1873 4401 2271 4450 ugnaimmm
2348 4400 2684 4439 alaram.
2891 4403 2976 4438 ms

652 4451 813 4504 Mare
846 4451 1048 4520 legitur
1084 4455 1247 4508 etiam
1286 4404 1425 4524 {pud
1461 4403 1616 4509 Ovidl
1653 4455 1771 4508 Am.
1810 4403 1871 4517 13³
1899 4459 1976 4515 19,
2017 4457 2097 4509 29.
2133 4453 2206 4513 11,
2244 4460 2292 4509 9.
2332 4456 2415 4505 47.
2455 4456 2508 4506 et
2544 4452 2689 4511 alibi,
2728 4455 2818 4507 sed
2860 4453 2973 4522 ple·

654 4533 871 4640 3²⁰2oe
922 4519 1071 4642 ⁶¹¹3}
1094 4539 1324 4643 hpiffni?
1336 4521 2212 4650 afiv‘³v¹¹‡1¹¹⁸pff”¹x⁵{‘1’¹¹{4³²⁸b³‘⁸2·si¹e
2296 4536 2366 4642 ἓὲ
2398 4519 2641 4642 Qui„
2680 4522 2974 4642 quiifiiit·

724 4603 954 4644 .urm.
1135 4606 1276 4644 ..e
1549 4632 1561 4643 .
1656 4633 1668 4644 .
1785 4629 1797 4651 ,
1892 4610 2030 4645 o.—
2184 4632 2195 4643 .
2367 4604 2434 4643 e.
2619 4606 2727 4644 ucr.
2816 4629 2829 4647 ‚
2963 4631 2974 4641 .
