3616 5026
1457 254 1982 325 GEORGICON
2024 256 2188 323 LIB.
2228 254 2311 321 H.
2924 254 3042 317 347

871 424 1227 491 Texendae
1267 448 1499 514 saepes
1541 425 1739 489 etiam
1777 435 1843 490 et
1885 446 2087 512 pecus
2128 446 2318 491 omne
2358 421 2728 501 tenendum,

707 506 1068 596 Praecipue
1112 508 1264 574 dum
1309 510 1490 576 frons
1533 521 1757 573 tenera
1796 507 2284 596 inprudensque
2324 507 2655 584 laborum3

710 590 836 658 Cui
881 613 1080 678 super
1120 593 1424 680 indignas
1468 592 1711 658 hiemes
1755 592 2087 678 solemque
2128 600 2456 679 potentem

710 674 1054 740 Silvestres
1099 678 1203 742 uri
1247 676 1520 743 adsidue
1563 696 1970 763 capreaeque
2015 697 2325 763 sequaces

706 757 1034 841 Inludunt‚
1083 771 1438 846 pascuntur
1479 780 1634 827 oves
1672 759 2037 849 avidaeque
2078 760 2410 826 iuvencae.
2947 764 3047 817 375

707 980 1943 1104 mfss‘iiffzssniffflu‘isssssssuffffiffi·
1970 1011 2132 1103 agi..
2156 976 2802 1117 ³⁷3313..1.11..¹²0t02s
2831 973 3046 1097 aas

837 1115 848 1129 ⁸
890 1119 942 1169 t:
976 1118 1222 1187 pecudes
1260 1118 1451 1184 frigus,
1492 1119 1692 1170 aestus.
1766 1115 1840 1169 Et
1874 1115 1941 1170 de
1978 1132 2036 1170 se
2073 1117 2193 1171 ibus
2265 1114 2445 1168 uidem
2484 1114 2760 1167 vinearum
2800 1111 2869 1166 cf.
2907 1110 3045 1164 Plin.

868 1226 881 1248 ,
906 1187 987 1250 23,
1006 1188 1085 1240 35.
1112 1190 1158 1250 ξ.
1185 1189 1266 1240 22.
1303 1184 1560 1253 Calpurn.
1586 1182 1649 1247 V,
1678 1186 1759 1238 96.
1796 1182 1960 1253 Geop.
2056 1226 2069 1246 ,
2106 1188 2189 1238 44.
2277 1200 2381 1238 arr.
2423 1182 2468 1244 I,
2511 1184 2589 1235 14.
2627 1179 2837 1234 Colum.
2872 1178 2968 1241 XI,
2997 1180 3046 1232 3.

708 1251 920 1307 Pallad.
959 1253 1004 1314 1,
1045 1257 1128 1308 34.
1165 1254 1361 1322 aliique
1397 1268 1431 1306 a
1470 1252 1622 1306 VosS.
1663 1253 2082 1306 commemorati.
2145 1284 2210 1292 -
2269 1251 2610 1305 tenendum
2656 1264 2845 1319 pecus,
2894 1247 2950 1300 h.
3002 1262 3046 1325 e.

709 1320 1064 1385 retinendum,
1115 1323 1224 1375 sive
1262 1323 1584 1382 arcendum,
1632 1336 1735 1390 quo
1770 1320 2029 1374 vocabulo
2066 1319 2275 1374 Pliuius
2308 1320 2362 1372 in
2401 1317 2584 1372 eodem
2620 1319 2905 1387 praecepto
2940 1320 3047 1369 utl-

710 1391 803 1441 tur
839 1388 1014 1450 XVII,
1053 1392 1133 1452 22,
1175 1393 1252 1443 35-
1289 1394 1336 1451 ἓ·
1382 1392 1462 1441 17·
1534 1421 1597 1429 -
1666 1385 1793 1448 372.
1847 1391 2058 1467 frons
2111 1389 2478 1459 inprudens
2522 1386 2850 1450 laborum,
2905 1384 3044 1462 h..e.

710 1456 926 1510 frondes
986 1458 1201 1526 ignarae
1261 1459 1315 1511 et
1372 1457 1715 1528 impatientes
1775 1457 2010 1509 cuiusvis
2067 1457 2290 1510 iniuriae
2346 1456 2675 1510 extrinsecus
2728 1451 3045 1506 accidentis:

711 1540 835 1579 nam
878 1525 1149 1579 labores
1184 1525 1493 1588 significant
1530 1526 1731 1582 omnia.
1780 1540 1916 1644 qpae
1956 1525 2094 1578 vites
2130 1525 2436 1595 patiuntur,
2483 1521 2837 1577 translatione
2875 1520 3049 1589 petita

711 1609 743 1647 a
776 1594 892 1647 vita
928 1592 1179 1647 humana.
1217 1592 1299 1647 cf.
1337 1610 1386 1647 v.
1430 1598 1545 1648 343.
1590 1594 1787 1663 Inpruae
1841 1612 1904 1644 ηε
1939 1608 2061 1646 cum
2085 1591 2334 1648 Genitivo
2359 1593 2454 1650 rei,
2483 1607 2644 1661 quam
2663 1588 3045 1711 ffignorat.

710 1660 911 1726 legitur
945 1677 996 1714 v.
1035 1678 1078 1714 c.
1116 1677 1201 1730 ap.
1240 1661 1359 1716 Ter.
1398 1661 1535 1716 Eun.
1571 1660 1615 1725 1,
1657 1664 1704 1713 2.
1746 1663 1825 1714 56.
1867 1660 1972 1713 Cic.
2013 1659 2128 1714 Inv.
2168 1660 2241 1722 11,
2282 1663 2363 1724 31,
2402 1664 2485 1712 95.
2523 1658 2636 1712 Liv.
2844 1697 2856 1718 ,
2892 1659 2967 1715 14,
2998 1659 3044 1707 7.

712 1731 815 1783 etc-
885 1758 950 1768 —
1024 1726 1332 1789 373—379.
1385 1730 1612 1785 Praeter
1663 1728 1854 1783 hiemis
1902 1728 2183 1782 saevitiam
2236 1731 2290 1782 et
2336 1725 2477 1780 eolis
2521 1725 2845 1796 potentiam,
2903 1723 2957 1778 h.
3000 1738 3045 1776 e.

711 1799 941 1860 aestum,
979 1800 1035 1851 et
1072 1798 1245 1867 magis
1278 1796 1511 1866 quidem,
1550 1813 1711 1867 quam
1744 1796 1844 1850 illa
1883 1809 1952 1862 (v.
1989 1799 2146 1857 376),
2184 1799 2379 1850 nocent
2402 1794 2606 1850 vitibus
2632 1792 2857 1847 novellis
2885 1791 3048 1847 etiam

710 1865 872 1918 boves
905 1868 1174 1945 agrestes,
1237 1881 1457 1935 capreae
1493 1866 1548 1919 et
1587 1869 1793 1920 ceterae
1840 1863 2085 1935 pecudea.
2141 1897 2206 1905 ——
2272 1862 2359 1917 Cu
2371 1864 2415 1930 ἰ,
2467 1861 2645 1917 frondi
2691 1864 2920 1917 tenerae.
2986 1892 3050 1899 —-

710 1950 908 2002 super
942 1932 1029 1987 hic
1066 1950 1171 1987 non
1211 1934 1246 1987 i.
1285 1951 1335 2003 q.
1364 1934 1499 2004 plu-3
1534 1951 1722 2003 quam,
1782 1937 1849 1987 ut
1882 1932 2058 2002 Heyn.
2103 1935 2161 1988 et
2204 1932 2394 1987 Mauso
2436 1932 2892 1999 interpretantur,
2955 1925 3050 1982 sed

705 2008 960 2071 praetem
1019 2000 1144 2070 plus
1183 2001 1346 2064 enim,
1411 2018 1571 2071 quam
1607 2001 1834 2062 hiemes,
1893 2016 2083 2056 nocere
2116 2001 2215 2056 illa
2247 2000 2527 2058 animalia,
2590 1999 2802 2053 demum
2843 2013 2891 2052 v,
2933 1999 3047 2049 376.

711 2072 872 2190 Εἰδώ
905 2068 1088 2134 docet3
1187 2070 1288 2123 uod
1323 2070 1433 2123 iam
1466 2071 1536 2123 ab
1570 2068 1757 2122 Iahnio
1800 2069 2161 2123 observatum.
2231 2069 2315 2124 Cf.
2360 2084 2410 2122 v.
2457 2083 2501 2121 c.
2553 2069 2683 2121 Aen.
2731 2065 2880 2128 Vm,
2933 2067 3048 2144 393.

793 2177 805 2194 .
843 2138 959 2191 283.
1005 2136 1120 2190 Liv.
1212 2176 1224 2192 .
1271 2140 1352 2196 31,
1390 2140 1439 2191 3.
1487 2136 1737 2193 XXVIII.
1775 2141 1860 2192 46.
1908 2141 1985 2191 15.
2034 2136 2190 2191 Ovid.
2230 2136 2359 2190 Met.
2397 2134 2548 2196 VIII,
2587 2137 2704 2187 677.
2744 2137 2847 2188 etc.
2929 2131 3047 2185 V1d.

712 2203 875 2258 etiam
913 2204 1178 2259 Drakenb.
1218 2204 1288 2258 ad
1331 2204 1443 2258 Liv.
1491 2203 1790 2267 XXXVIII,
1836 2209 1920 2262 43.
1973 2208 2018 2258 1.
2081 2203 2263 2258 Burm.
2317 2203 2388 2257 ad
2440 2202 2670 2258 Phaedr.
2717 2202 2817 2260 ΙΠ,
2872 2205 2949 2260 11.
2998 2203 3048 2253 2.

712 2271 890 2326 Bremi
927 2271 999 2327 ad
1033 2271 1181 2327 Suet.
1220 2272 1403 2327 Octav.
1444 2275 1491 2326 8.
1531 2270 1852 2326 Boettieher.
1880 2272 2008 2326 Lex.
2034 2272 2201 2327 Tacit.
2225 2289 2277 2342 p.
2305 2275 2422 2326 449.
2446 2271 2596 2324 alios,
2633 2300 2697 2310 —
2731 2270 3052 2331 indianae

710 2340 946 2393 hiemes
980 2344 1125 2395 recte
1160 2356 1193 2394 a
1226 2340 1405 2395 Servio
1446 2339 1778 2409 explicantur
1811 2357 2023 2396 saevae.
2069 2340 2311 2408 Indiqna
2350 2340 2492 2393 enim
2531 2338 2694 2408 (quod
2732 2338 2839 2393 iam
2879 2338 3050 2405 Heyn.

711 2407 915 2462 docuit)
951 2411 1082 2462 sunt
1115 2408 1308 2472 omnia,
1393 2408 1554 2463 uibus
1597 2409 1717 2487 quis
1751 2424 1859 2462 non
1894 2413 1979 2462 est
2016 2407 2229 2477 dignus,
2277 2424 2416 2477 quae
2452 2408 2571 2476 quis
2608 2407 2877 2462 immerito
2913 2406 3052 2474 pati-

709 2478 820 2539 tur,
858 2476 1095 2546 ideoque,
1145 2477 1268 2548 quia
1391 2476 1440 2531 'a
1476 2476 1738 2546 imprimis
1773 2476 1909 2531 dura
1944 2476 2212 2542 videntur,
2261 2476 2475 2531 omnino
2518 2475 2671 2538 dura,
2719 2490 2895 2530 saeva.
2963 2472 3053 2528 Ita

711 2545 766 2598 in
802 2543 913 2598 ciri
950 2561 1002 2597 ν.
1041 2549 1155 2600 309.
1208 2545 1409 2599 Verum
1446 2545 1578 2597 haec
1611 2553 1721 2598 twa
1753 2562 1864 2598 non
1899 2547 1983 2599 sic
2013 2546 2217 2613 qravia
2252 2553 2414 2614 atque
2447 2545 2678 2607 indistria
2697 2548 2887 2614 fuere,
2932 2542 2968 2594 i.
3005 2558 3051 2595 e.

709 2611 1091 2667 intolerabilia.
1149 2613 1232 2667 Cf.
1278 2614 1443 2667 etiam
1487 2612 1613 2667 Geo.
1651 2613 1695 2669 Ι.
1735 2615 1852 2666 491.
1899 2615 2028 2666 Aen.
2063 2612 2158 2675 VI,
2197 2615 2308 2666 163.
2346 2615 2404 2667 et
2438 2612 2534 2673 XI,
2580 2614 2693 2665 108.
2760 2610 2911 2665 Infra
2945 2609 3046 2669 111,

711 2682 829 2759 347.
864 2680 1098 2734 iniust-us
1131 2680 1293 2734 simili
1329 2681 1537 2734 ratione
1570 2686 1893 2749 usurpatum
1927 2678 2186 2759 {ridemus
2256 2710 2321 2720 —
2390 2681 2587 2759 solem
2659 2685 2951 2758 ’otentem
2997 2680 3052 2730 et

710 2763 886 2817 ipsum
921 2748 1067 2828 Serv..
1106 2748 1337 2818 explicat
1370 2765 1615 2829 gravem,
1658 2747 2081 2828 intolerabilem:
2141 2748 2338 2802 nimius
2384 2764 2524 2801 enun
2570 2763 2630 2800 so
2661 2764 2701 2827 νε
2741 2746 2901 2801 ardor
2941 2761 3052 2824 mo-

711 2815 884 2870 leatus
919 2820 977 2870 et
1010 2833 1098 2870 vix
1142 2815 1410 2871 ferendus.
1480 2815 1615 2870 Vide
1652 2819 1815 2870 etiam
1853 2816 1996 2869 infra
2028 2832 2078 2869 v.
2115 2818 2230 2869 377.
2277 2846 2342 2855 -
2387 2813 2517 2875 374.
2568 2856 2605 2882 ,‚
2627 2816 2793 2868 bros
2843 2829 3054 2883 proprie

712 2883 884 2937 dictos
920 2884 1126 2954 [quales
1161 2884 1358 2939 Caesar
1392 2885 1447 2938 in
1496 2883 1676 2939 Gallia
1721 2882 1882 2937 vidit:
1945 2883 2006 2935 B.
2056 2882 2198 2939 Gall.
2243 2884 2342 2943 VI,
2389 2887 2471 2937 28.
2520 2886 2576 2936 et
2615 2882 2791 2937 Plinio
2834 2887 3051 2937 auctore

712 2950 862 3014 VIII,
904 2956 984 3015 15,
1028 2955 1104 3006 15.
1145 2953 1311 3006 etiam
1345 2952 1398 3005 in
1426 2951 1714 3006 Germania
1747 2951 2176 3020 inveniebantur]
2201 2951 2255 3005 in
2283 2950 2448 3005 Italia
2469 2949 2649 3005 nullos
2678 2967 2794 3005 esse
2819 2951 3050 3004 constat.

713 3018 787 3072 At
831 3020 972 3074 enim
1019 3019 1107 3075 vel
1153 3036 1213 3074 ex
1262 3019 1392 3075 Ge0.
1441 3019 1543 3081 ΠΙ,
1594 3022 1707 3073 532.
1754 3019 2104 3073 manifestum
2160 3023 2268 3081 est,
2335 3036 2469 3073 uros
2520 3022 2710 3088 poetae
2765 3017 3051 3089 improprie

712 3085 885 3140 dictos
920 3104 1038 3142 esse
1072 3104 1169 3157 pro
1203 3087 1332 3142 feris
1368 3088 1562 3148 bubus,
1640 3087 1788 3142 uales
1822 3087 1989 3141 Italia
2024 3103 2167 3141 nunc
2191 3087 2404 3141 nomine
2431 3087 2651 3157 Bufalo
2680 3087 3050 3168 frequentat.“

713 3154 889 3220 Hem.
961 3155 1044 3209 Cf.
1087 3156 1250 3211 etiam
1294 3155 1530 3209 Macrob.
1565 3155 1614 3207 V
1646 3195 1658 3215 ,
1707 3160 1754 3209 4.
1803 3155 1912 3217 fin„
1960 3155 2067 3224 qui,
2116 3154 2172 3208 h.
2218 3154 2255 3210 l.
2306 3155 2611 3224 respiciens,
2678 3155 2795 3220 Ura,
2854 3153 3047 3223 inquit.

713 3220 943 3276 Gallica
973 3241 1081 3277 vox
1115 3231 1216 3289 est,
1254 3241 1367 3292 qua
1388 3224 1522 3303 seri
1552 3226 1710 3277 boves
1740 3222 2141 3290 simnflcanmr.
2215 3223 2294 3276 De
2341 3222 2547 3276 bubulo
2595 3226 2796 3285 autem,
2835 3222 2927 3292 qui
2965 3224 3052 3275 est

710 3291 882 3343 maior
913 3291 1085 3345 tauris
1124 3290 1448 3346 domesticis.
1490 3291 1737 3345 cornibus
1774 3290 1961 3358 nigris,
2003 3291 2202 3344 crassis
2239 3294 2296 3345 et
2328 3290 2654 3359 resupinatis
2686 3293 2849 3360 atque
2876 3289 3051 3359 crispa

711 3356 904 3421 fronte,
942 3358 1011 3411 cf.
1049 3357 1203 3411 Voss.
1241 3358 1310 3413 ad
1347 3358 1400 3413 h.
1437 3358 1476 3413 l.
1534 3390 1598 3399 —
1659 3374 1939 3429 capreae
1980 3376 2317 3426 sequaces,
2367 3374 2504 3428 quae
2542 3358 2680 3412 vites
2717 3359 3050 3426 maximeque

710 3427 951 3479 teneram
1000 3442 1185 3480 earum
1237 3427 1482 3481 frondem
1541 3426 1728 3495 cupide
1788 3426 2147 3488 insectantur,
2210 3443 2362 3496 perse
2401 3430 2630 3483 uantur.
2694 3426 2803 3481 fere
2865 3426 3048 3480 eodem

709 3509 897 3557 sensu,
959 3510 1064 3563 quo
1106 3510 1224 3547 mox
1258 3495 1458 3547 avidae
1492 3496 1763 3547 iuvencae..
1844 3493 1927 3546 Cf.
1966 3494 2077 3548 Ecl.
2120 3494 2192 3554 Π,
2229 3498 2311 3548 64.
2699 3495 2923 3563 σῃεὶαηη
2961 3510 3049 3548 sc-

708 3562 939 3680 ταίην
984 3562 1197 3616 lasciva
1242 3561 1483 3631 capella.
1552 3562 1856 3616 Lectionem
1910 3566 2094 3616 autem
2145 3579 2488 3633 capreaeque
2538 3578 2702 3616 nunc.
2734 3579 2793 3616 ex
2851 3562 3046 3629 fragm.

758 3645 920 3692 eron„
956 3628 1092 3689 Pal..
1128 3629 1278 3684 Rom.
1317 3629 1431 3699 (qui
1466 3629 1679 3684 exhibet
1711 3634 2022 3699 capo-aeae),
2058 3628 2199 3684 Gud.
2239 3634 2295 3684 et
2328 3629 2490 3684 Bern.
2514 3631 2568 3684 b.
2597 3646 2717 3684 cum
2740 3630 3046 3692 Ribbeckio,

710 3697 901 3766 Wagn.
938 3699 995 3751 in
1031 3698 1160 3751 min.
1201 3696 1347 3759 edit..
1397 3696 1599 3766 Bryceo
1636 3701 1691 3751 et
1725 3697 2061 3765 Coningtone
2099 3698 2453 3760 restituimus
2501 3699 2651 3767 prius
2697 3715 2816 3753 cum
2854 3697 3046 3765 Wagn.

709 3766 762 3819 in
801 3764 931 3819 edit.
968 3765 1137 3827 Hevn.
1172 3765 1393 3819 Medicei
1435 3766 1540 3819 scri
1579 3769 1756 3819 turam
1798 3782 1867 3817 ca
1938 3782 2005 3818 ae
2039 3765 2295 3834 amplexi,
2358 3781 2520 3845 quam
2564 3783 2624 3821 ex
2665 3766 3048 3821 recentioribus

709 3833 911 3902 Haupt.
951 3836 1008 3888 et
1042 3821 1251 3887 Ladew.
1287 3849 1545 3887 servarun
1578 3877 1589 3889 .
1662 3864 1725 3871 -ω
1766 3783 1939 3913 {ligr
1985 3833 2330 3895 Inludtmt,
2382 3851 2416 3887 1.
2464 3852 2510 3889 c.
2546 3833 2796 3895 laedunt,
2834 3837 3046 3893 nocent,

709 3900 966 3955 adiuncta
1000 3906 1181 3956 tamen
1229 3901 1564 3972 petulantiae
1608 3904 1663 3956 et
1705 3902 1930 3955 iniuriae
1976 3902 2208 3955 notione.
2279 3900 2402 3956 Vid.
2448 3901 2576 3956 Ge0.
2625 3902 2668 3963 1,
2723 3905 2834 3956 181.
2914 3902 3050 3956 Tum

708 3969 901 4023 variae
936 3969 1195 4023 inludmzt
1219 3977 1396 4039 pestes
1432 3969 1613 4039 ibique
1650 3968 1857 4024 adnott.
1921 3999 1985 4007 —
2041 3976 2414 4039 pascuntur
2459 3987 2633 4037 oves,
2686 3970 3050 4041 depascuntur

708 4053 843 4095 eam.
883 4053 955 4091 sc.
991 4036 1235 4091 frondem
1268 4042 1527 4092 teneram.
1564 4037 1644 4091 Ad
1682 4043 1981 4105 pascuntur
2016 4038 2158 4092 enim
2195 4054 2256 4092 ex
2293 4039 2387 4092 cui
2421 4038 2740 4109 repetendus
2767 4043 2853 4094 est
2877 4040 3048 4094 Accu·

706 4105 912 4158 sativus
948 4122 1143 4174 quanm
1186 4120 1322 4174 quae
1356 4105 1598 4174 elliptica
1636 4104 1843 4160 dicendi
1880 4106 2045 4165 ratio,
2089 4107 2155 4159 ut
2189 4104 2487 4160 Pronomen
2523 4106 2609 4161 vel
2646 4107 2930 4163 relativum
2962 4109 3048 4163 vel

707 4170 1207 4230 demonstrativum,
1258 4173 1400 4242 quod
1435 4174 1644 4243 proprie
1680 4173 1779 4232 bis,
1830 4172 1925 4227 sed
1961 4173 2168 4226 diverso
2206 4173 2351 4228 Casu
2386 4174 2690 4243 ponendum
2725 4179 2829 4235 est.
2875 4176 3048 4230 altero

705 4238 821 4293 loco
868 4241 1180 4303 reticeatur,
1240 4241 1374 4294 satis
1425 4245 1569 4296 nota.
1638 4240 1722 4295 Cf.
1764 4239 2018 4295 Ruddim.
2055 4241 2126 4294 Il.
2203 4286 2212 4294 .
2253 4245 2369 4295 362.
2431 4243 2706 4298 Wunderl.
2742 4244 2811 4297 ad
2845 4244 3044 4298 Tibull.

707 4306 800 4367 lv,
841 4310 890 4371 2,
937 4310 1015 4362 17.
1051 4308 1222 4363 Beier.
1258 4308 1326 4363 ad
1363 4309 1472 4363 Cic.
1510 4310 1614 4365 off.
1649 4310 1693 4369 I,
1733 4311 1818 4371 42,
1858 4312 1971 4363 151.
2007 4310 2065 4362 et
2207 4309 2278 4365 II.
2319 4313 2368 4371 6,
2406 4313 2490 4364 21.
2528 4311 2755 4379 Herzog.
2793 4311 2862 4365 ad
2892 4312 3046 4366 CaeS.

705 4375 768 4429 Β.
805 4374 869 4430 G.
907 4375 951 4436 Ι,
989 4380 1072 4437 45,
1114 4379 1162 4431 2.
1198 4376 1463 4432 Matthiae
1499 4377 1567 4432 ad
1604 4378 1714 4431 Cic.
1753 4377 1873 4430 Cat.
1909 4376 1983 4437 11,
2022 4380 2071 4437 9,
2116 4380 2194 4431 19.
2233 4377 2403 4432 Kritz.
2446 4376 2514 4431 ad
2550 4378 2679 4433 Sall.
2718 4380 2837 4434 Cat.
2881 4383 2959 4438 13.
2995 4383 3044 4434 2.

706 4444 763 4497 et
796 4442 913 4512 Iug.
954 4448 1036 4505 54,
1079 4448 1125 4498 1.
1170 4444 1408 4500 Benecke
1445 4445 1513 4499 ad
1553 4445 1661 4500 Cic.
1697 4446 1819 4499 Cat.
1856 4444 1958 4505 m,
2004 4447 2050 4501 7.
2093 4447 2169 4499 16.
2213 4445 2389 4500 Klotz.
2431 4445 2649 4511 Quaest.
2690 4446 2831 4503 Tull.
2913 4489 2925 4502 .
2960 4451 3045 4502 67.

705 4509 813 4565 alii.
851 4579 863 4591 .
887 4511 1093 4591 Copula
1129 4517 1310 4567 autem
1354 4517 1572 4583 propter
1617 4514 1912 4568 chiasmum
1956 4512 2178 4575 omissa,
2241 4515 2304 4566 ut
2348 4530 2513 4583 supra
2560 4531 2608 4569 ν.
2658 4519 2769 4571 144.
2842 4465 3049 4569 lyaee-i

704 4578 973 4648 Vergilius
1004 4579 1116 4635 fere
1151 4596 1358 4651 semper
1392 4597 1511 4636 cum
1548 4584 1738 4636 Aecus.
1776 4580 1915 4636 solet
1949 4583 2271 4634 construere.
2343 4581 2427 4636 Cf.
2465 4582 2592 4637 Geo,
2633 4583 2734 4648 111,
2781 4586 2897 4638 314.
2945 4583 3040 4641 IV.

710 4649 821 4701 181.
877 4646 1009 4702 Aen.
1053 4647 1127 4712 Π,
1173 4651 1289 4704 471.
1352 4648 1438 4703 Sic
1486 4650 1650 4706 etiam
1692 4649 1831 4706 Plin.
1881 4647 1951 4702 H.
1987 4646 2057 4704 N.
2091 4647 2187 4713 IX,
2227 4652 2309 4704 32.
2351 4651 2563 4705 bellnae
2591 4661 2789 4723 pastae
2821 4653 3043 4707 radim
