3616 5026
552 222 674 284 214
1253 218 1328 283 P.
1372 215 1744 283 VERGILI
1783 213 2183 281 MARONIS

556 385 1015 471 Concussaque
1055 383 1291 449 famem
1333 385 1404 448 in
1450 382 1633 448 silvis
1679 381 1975 448 solabere
2018 405 2278 471 quercu.

718 467 1087 532 Dicendum
1130 478 1211 547 et,
1253 489 1419 554 quae
1462 469 1592 531 sint
1633 464 1814 530 duris
1858 466 2226 551 agrestibus
2271 488 2471 547 arma,
2789 482 2884 533 160

556 550 717 627 Quis
763 552 900 613 sine
942 571 1061 614 nee
1101 560 1370 638 potuere
1413 552 1542 615 seri
1583 571 1704 613 neo
1747 572 2015 635 surgere
2054 571 2325 614 messes:

553 633 778 697 Vomis
821 641 887 698 et
925 633 1149 699 inflexi
1190 636 1468 721 primum
1512 655 1714 718 grave
1756 633 1956 697 robur
1999 634 2201 697 aratri

555 715 904 801 Tardaque
946 715 1297 782 Eleusinae
1336 720 1565 781 matris
1600 716 1927 779 volventia
1973 715 2265 801 plaustra

556 797 955 886 Tribulaque
996 801 1389 887 traheaeque
1435 812 1498 864 et
1538 801 1755 885 iniquo
1796 796 2088 885 pondere
2130 799 2352 879 rastri3

549 1065 721 1121 beekii
754 1064 882 1120 God.
919 1065 1078 1120 Bern.
1118 1067 1205 1129 c.)‚
1244 1065 1522 1132 vulgatam
1558 1070 1731 1119 ortam
1768 1065 1950 1118 censet
1983 1080 2172 1134 parum
2237 1063 2566 1118 robabiliter.
2637 1065 2885 1119 Ceterum

551 1133 803 1188 Ribbeck.
842 1135 898 1189 et
934 1134 1056 1188 Hau
1094 1137 1135 1188 t.
1187 1149 1306 1187 eum
1343 1133 1519 1188 Palat.
1568 1150 1614 1189 a.
1662 1150 1731 1186 m.
1773 1150 1855 1202 pr.
1900 1131 1988 1185 hie
2034 1135 2088 1187 et
2131 1133 2141 1143 “
2208 1148 2268 1186 ra
2309 1150 2359 1185 v.
2407 1135 2518 1186 185.
2562 1132 2889 1213 seripserunt

553 1218 817 1256 acervom.
853 1229 922 1240 —
962 1200 1032 1262 15
1073 1246 1081 1255 .
1161 1218 1360 1254 amem
1393 1202 1696 1255 solabere
1777 1216 1994 1253 uero-u.
2064 1200 2150 1254 Sic
2187 1201 2336 1270 Calp.
2373 1200 2466 1263 IV,
2494 1202 2577 1252 32.
2616 1202 2890 1269 viridique

540 1272 757 1338 samem
789 1268 1004 1324 solarer
1035 1269 1096 1322 hi
1130 1270 1256 1322 theo.
1295 1300 1361 1308 —
1422 1267 1545 1329 160.
1581 1285 1696 1339 sqq.
1816 1284 1844 1321 e
1885 1267 2259 1321 instrumentis
2308 1268 2480 1338 operis
2527 1267 2712 1321 rustici
2751 1269 2885 1334 agit.

554 1338 754 1392 Arma
797 1338 939 1392 enim
987 1337 1053 1390 ‹le
1091 1335 1338 1390 omnibus
1383 1352 1537 1390 omne
1581 1352 1750 1398 §renus
1784 1335 2162 1389 instrumentis
2205 1335 2307 1389 diei
2344 1338 2569 1389 constat.
2639 1334 2725 1389 Sic
2760 1336 2888 1388 Aen.

551 1405 597 1468 I,
642 1409 751 1460 177.
790 1423 951 1459 arma
988 1403 1255 1469 Cerealia,
1294 1406 1420 1458 Aen.
1458 1404 1523 1467 V,
1567 1408 1645 1458 15.
1680 1402 1773 1465 VI,
1806 1407 1924 1457 355.
1961 1407 2017 1457 et
2056 1404 2266 1472 saepius
2301 1422 2459 1457 arma
2491 1403 2735 1470 navalia,
2775 1402 2888 1456 Liv.

552 1472 768 1537 mv,
805 1476 886 1536 23,
932 1476 1009 1527 11.
1071 1489 1228 1525 arma
1264 1473 1558 1541 equestria,
1598 1471 1839 1525 Martial.
1875 1470 2025 1533 XIV,
2068 1473 2150 1524 36.
2217 1472 2527 1524 Tondendis
2570 1472 2702 1524 haec
2733 1488 2892 1523 arma

558 1541 659 1593 tibi
693 1551 816 1595 eunt
854 1549 990 1611 apta
1024 1540 1264 1610 capillis.
1301 1573 1367 1581 —
1401 1540 1595 1593 duris
1630 1540 2021 1607 aqu-estibus.
2068 1538 2152 1591 Cf.
2187 1539 2316 1592 Aen.
2353 1539 2473 1601 VH,
2513 1543 2627 1593 504.
2665 1570 2731 1578 —
2769 1536 2887 1597 161.

553 1608 632 1662 De
665 1608 838 1663 forma
874 1608 1024 1678 quis
1059 1625 1099 1661 s,
1138 1608 1291 1677 queis
1324 1607 1429 1662 vid.
1468 1605 1535 1660 ad
1572 1606 1683 1660 Ecl.
1720 1607 1763 1665 1.
1794 1609 1873 1660 72.
1945 1605 2373 1674 Praepositiones
2406 1610 2590 1660 autem
2630 1605 2892 1675 imprimis

552 1675 859 1730 Pronomini
899 1675 1125 1732 relativo
1168 1675 1476 1744 saepissime
1521 1675 1793 1745 postponi,
1844 1690 1927 1726 res
1972 1676 2056 1727 est
2099 1673 2394 1727 notissima.
2465 1673 2549 1727 Cf.
2586 1673 2825 1743 exempla
2858 1689 2893 1727 a

553 1742 802 1799 Ruddim.
841 1743 910 1798 H.
956 1761 1007 1813 p.
1046 1745 1142 1796 335
1179 1759 1256 1812 sq.
1312 1746 1367 1796 et
1412 1742 1630 1796 Ramsh.
1678 1747 1724 1805 ξ.
1769 1744 1881 1795 151.
1919 1744 1969 1794 3.
2010 1744 2064 1794 et
2099 1745 2148 1794 4.
2204 1740 2452 1803 collecta,
2507 1741 2700 1810 quibus
2753 1740 2891 1795 adde

554 1811 682 1864 Aen.
720 1811 765 1871 Ι,
802 1814 917 1865 348.
958 1828 1097 1880 quos
1128 1811 1284 1863 inter.
1346 1810 1501 1864 Lucr.
1535 1809 1636 1873 ΙΙΙ,
1674 1812 1789 1863 851.
1838 1809 2032 1878 quiem
2069 1826 2113 1861 e.
2177 1808 2285 1862 Cic.
2322 1808 2505 1863 Manil.
2546 1811 2624 1871 16,
2662 1812 2742 1862 47.
2782 1826 2890 1877 quo

554 1880 635 1932 de.
696 1877 769 1933 id.
805 1877 970 1932 Aead.
1009 1877 1170 1947 prior.
1210 1877 1290 1940 H,
1338 1882 1422 1941 15,
1464 1881 1546 1933 47.
1599 1896 1738 1945 quos
1775 1885 1984 1930 contra.
2050 1875 2169 1929 Tae.
2205 1878 2340 1931 Ann.
2378 1875 2500 1939 XV,
2541 1879 2593 1933 1.
2633 1880 2681 1929 4.
2736 1893 2893 1943 quem

762 1949 864 1998 eto.
900 1977 967 1986 —
1005 1953 1285 2015 potuere
1335 1945 1671 2013 ἀοριστικαῑς
1716 1961 1813 2014 pro
1857 1947 2101 2014 possunt.
2173 1944 2253 1998 cf.
2300 1960 2463 2013 supra
2505 1944 2572 1997 ad
2618 1960 2666 1996 ν.
2701 1947 2786 1997 49.
2835 1975 2890 1983 -

558 1963 677 2073 162.
717 2013 1005 2067 Primum
1049 2013 1105 2065 in
1142 2013 1558 2066 enumerationis
1600 2013 1858 2081 principio
1894 2011 2148 2080 positum,
2184 2028 2289 2064 non
2326 2014 2580 2081 sequente
2613 2011 2746 2065 Λᾶν.
2781 2019 2894 2064 tum

554 2080 639 2135 vel
674 2082 889 2145 deinde,
929 2084 993 2134 ut
1036 2096 1217 2150 saepe:
1273 2081 1424 2133 euius
1458 2084 1638 2134 tamen
1678 2080 1792 2133 vice
1837 2079 2112 2132 interdum
2148 2079 2284 2133 aliae
2318 2079 2625 2134 Particulae
2659 2080 2720 2132 fu
2869 2108 2892 2119 -

556 2150 665 2213 tur,
703 2166 849 2213 vero,
889 2150 1068 2212 otiam,
1106 2157 1284 2201 autem
1322 2151 1422 2201 ete.
1494 2147 1578 2201 Cs.
1616 2147 1740 2200 Ge0.
1781 2146 1883 2203 HI.
1923 2149 2038 2201 384.
2075 2147 2182 2201 Cic.
2220 2146 2288 2200 N.
2324 2147 2391 2201 D.
2428 2147 2500 2209 Π,
2542 2151 2620 2209 17,
2655 2152 2735 2201 45.
2820 2147 2889 2201 in.

556 2217 629 2281 H,
676 2220 720 2279 1,
762 2220 802 2270 1.
839 2216 993 2271 Tusc.
1029 2216 1073 2277 1,
1112 2219 1194 2276 24,
1234 2219 1316 2267 57.
1356 2218 1411 2269 et
1448 2231 1585 2284 quae
1620 2214 1675 2268 di
1740 2217 1972 2268 utarunt
2007 2214 2122 2268 Viri
2157 2214 2300 2269 docti
2335 2231 2370 2269 a
2401 2213 2651 2269 Kuhnero
2685 2214 2754 2268 ad
2780 2215 2891 2270 Cic.

555 2283 710 2338 Τιιεο.
745 2284 845 2349 IV,
885 2288 973 2347 35,
1015 2288 1095 2337 74.
1139 2287 1195 2337 et
1228 2282 1400 2337 Kritz.
1448 2283 1514 2336 ad
1551 2282 1681 2337 Sall.
1747 2299 1838 2351 ug.
1879 2287 1971 2343 45,
2010 2285 2059 2336 2.
2103 2282 2339 2341 laudati,
2418 2282 2578 2336 uibus
2620 2281 2755 2337 adde
2791 2283 2891 2336 Be-

554 2351 702 2404 neek.
738 2350 806 2405 ad
842 2350 952 2404 Cic.
990 2352 1107 2405 Cat.
1149 2351 1223 2411 Π,
1266 2355 1345 2413 10,
1387 2354 1467 2405 21.
1506 2354 1563 2404 et
1595 2350 1845 2418 Wagner.
1888 2350 1989 2415 Qu.
2025 2349 2172 2419 Virg.
2448 2352 2534 2412 ,1.
2570 2382 2636 2390 —
2669 2351 2890 2415 vomis,

555 2419 725 2473 rarior
757 2419 931 2472 forma
962 2434 1059 2488 pro
1095 2418 1306 2483 vulgari
1340 2435 1549 2485 vomer,
1597 2434 1704 2486 qua
1736 2420 1970 2471 utuntur
2013 2419 2174 2471 etiam
2213 2418 2346 2471 Cato
2381 2416 2446 2470 R..
2489 2417 2550 2472 R.
2593 2420 2702 2479 135,
2743 2422 2793 2470 2.
2836 2422 2892 2471 et

555 2486 760 2541 Colum.
795 2486 868 2551 H,
909 2490 964 2549 2,
1004 2488 1081 2541 26.
1153 2486 1236 2540 cf.
1271 2486 1437 2541 etiam
1473 2501 1608 2555 quae
1645 2501 1810 2555 supra
1845 2484 1913 2540 ad
1953 2500 2000 2540 v.
2036 2488 2120 2540 46.
2164 2485 2558 2548 adnotavimus,
2600 2485 2782 2539 Heius,
2820 2484 2889 2539 ad

555 2554 706 2610 Ovid.
743 2555 895 2608 Fast.
934 2554 1035 2617 IV,
1077 2556 1219 2614 927..
1265 2553 1362 2606 ubi
1394 2569 1534 2608 unus
1569 2558 1711 2608 eerte
1746 2553 1876 2608 Cod.
1916 2553 2054 2607 hanc
2089 2554 2317 2607 formam
2351 2555 2600 2623 praebet,
2651 2557 2708 2607 et
2740 2552 2888 2608 Serv.

554 2621 625 2676 ad
672 2622 802 2676 Aen.
843 2622 896 2683 Ι,
935 2625 1052 2676 293.
1091 2654 1156 2662 -
1203 2623 1408 2675 robur
1457 2621 1684 2674 aratri
1727 2621 1916 2675 eadem
1962 2622 2167 2676 ratione
2213 2621 2441 2683 dictum,
2489 2638 2595 2691 qua
2639 2638 2802 2691 supra
2839 2639 2890 2676 v.

560 2693 668 2745 143.
690 2690 854 2761 ferri
883 2691 1042 2757 riyor
1075 2693 1130 2743 et
1164 2689 1339 2744 multa
1375 2688 1587 2743 similia.
1660 2689 1740 2743 Cf.
1777 2690 1909 2744 Aen.
1945 2689 2068 2752 VII,
2095 2693 2208 2744 609.
2245 2698 2568 2758 aeternaque
2631 2689 2748 2742 ern·
2769 2689 2889 2743 Ro-

556 2759 707 2811 bora.
767 2756 923 2811 Luor.
959 2758 1011 2820 Ι,
1051 2761 1162 2811 881.
1212 2758 1258 2824 (f
1360 2760 1436 2810 esi
1483 2759 1683 2811 robore
1719 2775 1841 2810 oum
1874 2757 2002 2810 saxi
2031 2759 2398 2825 franqmatur,
2447 2759 2503 2810 et
2604 2796 2617 2811 .
2652 2761 2766 2812 449.
2814 2757 2893 2809 Et

553 2824 736 2879 validi
772 2826 956 2879 edices
999 2834 1051 2877 et
1089 2827 1226 2878 duri
1259 2842 1326 2877 ro
1364 2842 1467 2878 ora
1496 2825 1671 2893 ferri.
1741 2825 2004 2879 Imitatur
2043 2828 2288 2878 nostrum
2330 2823 2451 2877 Val.
2486 2823 2566 2878 Fl.
2605 2824 2732 2887 VH,
2771 2829 2890 2878 555.

553 2909 690 2963 pars
731 2893 853 2945 diri
932 2900 1117 2946 ortant
1155 2908 1323 2961 yrave
1363 2891 1536 2945 robur
1581 2892 1780 2944 aratri.
1855 2890 2040 2945 Gravi
2077 2896 2259 2947 autem
2301 2895 2481 2945 aratro
2524 2908 2656 2961 opus
2699 2897 2785 2947 est
2819 2893 2889 2945 ad

551 2961 748 3031 pingue
780 2911 975 3014 Italiae
1010 2960 1182 3014 solum
1226 2958 1600 3080 subinfendum,
1647 2963 1711 3013 ut
1749 2975 1912 3028 quam
1948 2958 2198 3013 altissimi
2234 2958 2369 3013 flant
2402 2958 2562 3022 sulci:
2617 2976 2742 3014 nam
2822 2976 2891 3014 uo

550 3027 770 3098 gravius
804 3030 890 3082 est
925 3030 1183 3088 aratrum.
1225 3043 1285 3081 eo
1322 3042 1356 3081 a
1379 3027 1491 3080 tius
1514 3029 1689 3081 terrae
1715 3043 1897 3082 vomer
1921 3027 2183 3094 infigitur.
2236 3027 2318 3080 Cf.
2342 3027 2506 3080 etiam
2525 3026 2662 3081 Plin.
2874 3069 2886 3084 .

555 3099 634 3158 18,
669 3098 755 3149 47.
791 3095 963 3148 Varro
1000 3095 1062 3148 R.
1100 3095 1164 3148 R.
1204 3094 1356 3158 Ι,19.
1399 3094 1608 3148 Colum.
1646 3094 1719 3152 11,
1746 3098 1793 3148 2.
1834 3097 1892 3147 et
1928 3094 2081 3147 Voss.
2118 3094 2186 3148 ad
2226 3093 2280 3147 h.
2316 3093 2354 3148 l.
2390 3124 2456 3132 —
2492 3096 2761 3163 inflexi.
2804 3094 2886 3149 Cf.

550 3163 695 3217 infra
727 3178 779 3215 v.
824 3166 918 3218 169
954 3180 1033 3232 sq.
1069 3162 1147 3216 ibi
1184 3179 1252 3217 ue
1287 3161 1494 3216 adnott.
1533 3191 1599 3199 —
1648 3160 1771 3222 163.
1806 3161 2126 3231 plaustra
2160 3162 2365 3229 (PM,
2405 3161 2888 3228 Getreidewayen),

551 3231 1348 3367 {ffiffiossffianssu‘qnssssss’
1369 3232 1483 3351 12?
1490 3229 2171 3367 tmoemssznss'lossffffllssm
2201 3229 2429 3351 3¹¹³&
2449 3229 2541 3351 ⁸⁹1?
2577 3229 2889 3351 Ξξίῗῶἓῑὲἑί

550 3366 695 3420 modi
739 3368 922 3420 autem
966 3365 1213 3433 plaustra
1258 3381 1293 3419 a
1363 3364 1504 3419 ubus
1553 3367 1731 3418 tracta
1773 3364 2116 3434 graviterque
2164 3368 2382 3419 onerata
2432 3380 2536 3418 non
2587 3365 2689 3419 nisi
2735 3366 2889 3419 tarde

588 3434 845 3487 removeri
922 3448 1055 3496 osse,
1091 3449 1186 3503 per
1221 3449 1278 3486 se
1315 3433 1488 3501 patet.
1525 3464 1591 3472 —
1632 3434 1831 3485 tarda
1868 3434 2207 3486 volventia
2259 3449 2355 3501 pro
2389 3431 2544 3486 tarde
2578 3449 2636 3486 se
2675 3432 2889 3487 volven-

549 3451 644 3555 iiis.
715 3501 795 3555 De
829 3501 877 3554 A
920 3501 1106 3555 'ectivo
1141 3518 1237 3570 pro
1273 3499 1504 3554 Adverb.
1548 3499 1726 3570 posito
1761 3500 1870 3554 vid.
1918 3499 2124 3555 adnott.
2164 3499 2232 3554 ad
2266 3499 2395 3554 Aen.
2436 3500 2591 3564 vm,
2630 3505 2772 3556 559..
2823 3501 2889 3555 de

551 3568 712 3623 verbo
749 3568 926 3623 activo
964 3569 1225 3631 reflexiva,
1263 3582 1423 3636 quam
1459 3571 1667 3630 vocant,
1710 3567 2098 3637 significatione
2133 3571 2391 3637 usurpato
2430 3568 2497 3622 ad
2533 3570 2662 3623 Aen.
2700 3567 2745 3630 Ι,
2773 3572 2887 3623 234.

556 3669 617 3677 -«-ι
652 3636 1019 3690 Eleusinae
1053 3637 1300 3690 matris.
1358 3634 1590 3702 „Cereri
1624 3650 1776 3689 saera
1814 3639 1987 3696 erant,
2030 3636 2224 3705 quippe
2260 3651 2293 3688 a
2330 3651 2437 3704 qua
2471 3636 2682 3689 omnino
2718 3636 2889 3706 operis

550 3703 737 3758 rustici
762 3702 901 3757 ratio
924 3702 1190 3771 profecta:
1225 3719 1329 3756 non
1355 3719 1497 3764 ver0,
1539 3702 1678 3771 quod
1716 3718 1899 3757 eorum
1934 3718 2064 3757 usus
2100 3703 2152 3756 in
2186 3721 2389 3773 pompa
2412 3702 2700 3756 Eleusinia
2773 3720 2888 3758 rae-

550 3769 1237 3892 33³32.f.20³.}f⁵.¹1¹.2.2¹²s‘
1259 3770 2246 3892 {22s1120122t5.0r21.02.0-⁸022.¹¹‘3..33.
2287 3786 2390 3889 sm
2413 3721 2889 3893 ffoezziffiffssffi·

551 3871 747 3976 Spanl1.
783 3904 852 3960 ad
889 3904 1098 3959 Callim.
1141 3881 1257 3960 Cer.
1299 3857 1463 3959 1225
1470 3858 1704 3973 nibem&
1761 3854 2149 3959 &atel-rigares
2181 3904 2267 3958 hic
2302 3905 2486 3959 eodem
2521 3906 2635 3960 iure
2670 3878 2885 3968 dieitur:

551 3989 655 4044 quo
688 3972 824 4027 alias
862 3972 937 4026 dii
975 3973 1119 4027 haud
1156 3990 1276 4027 raro
1307 3980 1518 4042 patres,
1552 3973 1825 4039 qeszitom
1868 3974 1960 4035 (ef.
1998 3990 2064 4027 su
2101 3990 2162 4027 ra
2195 3989 2242 4028 v,
2283 3976 2392 4026 121.
2435 3973 2510 4034 II,
2545 3977 2595 4027 4.
2630 3977 2743 4028 617.
2790 3974 2884 4036 IV,

551 4045 665 4095 369.
723 4041 852 4095 Aen.
889 4041 933 4098 Ι.
982 4044 1089 4095 155.
1138 4040 1210 4104 Π,
1257 4043 1370 4094 617.
1421 4040 1488 4102 V,
1533 4043 1609 4093 14.
1660 4040 1788 4102 VII,
1828 4043 1941 4095 327.
2117 4083 2130 4100 ,
2172 4044 2335 4104 703.);
2385 4057 2704 4110 quamquam
2750 4040 2888 4096 alias

551 4108 747 4178 Cybele
782 4112 1017 4172 tantum,
1058 4124 1253 4177 mag-na
1286 4109 1462 4162 mater
1498 4108 1734 4164 deorum.
1774 4107 1874 4162 hoo
1905 4109 2116 4163 nomine
2141 4108 2399 4179 appellari
2427 4107 2564 4162 solet
2598 4112 2745 4174 (Aen.
2780 4109 2884 4173 111,

557 4180 664 4230 111.
703 4176 798 4239 ΙΧ,
826 4178 982 4242 619).
1022 4175 1232 4230 Eleusis
1266 4177 1451 4230 autem
1486 4193 1531 4229 s.
1557 4174 1791 4239 Eleusin,
1829 4177 2045 4231 Atticae
2078 4177 2266 4231 civitas
2302 4174 2574 4230 maritima
2608 4177 2775 4241 (euius
2800 4194 2888 4232 re-

550 4243 747 4314 liquiae
782 4259 815 4297 a
851 4243 925 4297 ud
961 4244 1133 4297 vicum
1167 4244 1407 4298 Levsina
1446 4261 1490 4297 s,
1529 4244 1757 4296 Lauina
1792 4244 2160 4299 inveniuntur:
2202 4244 2268 4298 cf.
2304 4243 2442 4297 liber
2476 4259 2626 4298 meus
2661 4244 2886 4300 Handb.

551 4311 604 4365 d.
642 4311 740 4365 alt.
837 4327 985 4376 eom.
1023 4310 1124 4365 m.
1171 4329 1225 4380 p.
1260 4315 1427 4374 950),
1482 4311 1549 4364 ob
1595 4310 1803 4364 Cereris
1857 4312 2064 4366 cultum
2111 4316 2165 4366 et
2216 4328 2271 4365 m
2308 4311 2476 4366 steria
2524 4312 2886 4376 celeberrima,

587 4377 691 4432 uod
742 4378 818 4431 ibi
864 4378 1022 4432 Ceres
1067 4377 1452 4447 Triptolemum
1498 4378 1799 4433 instituisse
1851 4379 2141 4435 ferebatur.
2210 4389 2224 4440 (
2280 4377 2351 4434 id.
2395 4395 2558 4448 supra
2590 4379 2658 4434 ad
2693 4396 2739 4433 v.
2780 4381 2885 4438 19.)

623 4485 634 4496 .
674 4444 816 4514 Hyg.
851 4444 888 4499 f.
933 4449 1043 4500 157.
1098 4445 1253 4501 ovid.
1290 4446 1441 4500 Fast.
1476 4445 1571 4509 Iv,
1612 4450 1710 4500 507
1747 4464 1862 4517 sqq.
1912 4447 2017 4502 cic.
2055 4448 2119 4502 N.
2158 4447 2220 4502 D.
2259 4446 2331 4510 H,
2369 4450 2453 4510 42,
2497 4450 2606 4502 119.
2646 4450 2702 4502 et
2733 4447 2883 4503 Serv.

553 4509 623 4565 ad
658 4510 709 4565 h.
747 4512 785 4564 1.
822 4543 889 4552 --
935 4511 1055 4572 164.
1097 4513 1413 4567 tribulum
1447 4516 1502 4568 et
1535 4515 1767 4568 trahea
1807 4515 2176 4570 instrumenta
2211 4518 2381 4578 erant,
2460 4531 2559 4570 uae
2595 4516 2886 4570 frumentis

550 4578 786 4633 terendis
828 4579 1190 4635 inserviebant
1230 4580 1824 4646 ‹Droednnaechinem3
1880 4586 1939 4637 et
1983 4584 2301 4638 tribulum
2343 4583 2434 4652 qui
2472 4600 2580 4646 em,
2629 4583 2887 4654 τρίβολον
