3616 5026
1471 237 1994 307 GEORGICON
2031 239 2193 305 LIB.
2236 239 2351 306 111.
2975 241 3094 304 429

772 401 1051 469 Indutae
1095 404 1498 493 caeduntque
1542 406 1874 471 securibus
1916 405 2180 481 humida
2220 407 2373 470 vina

768 485 860 551 Et
900 496 1076 551 totae
1119 487 1394 552 solidam
1436 489 1505 553 in
1548 488 1822 574 glaciem
1867 500 2118 554 vertere
2161 488 2431 554 lacunae
2991 498 3092 550 365

774 569 1100 657 Stiriaque
1144 572 1403 657 inpexis
1442 572 1729 637 induruit
1773 571 2039 637 horrida
2076 571 2318 637 barbis.

769 653 1026 717 Interea
1066 662 1199 718 toto
1243 677 1368 719 non
1415 657 1611 720 setius
1655 664 1804 719 aere
1850 656 2128 740 ninguit:

769 734 1103 800 Intereunt
1143 737 1446 823 pecudes,
1494 749 1668 802 stant
1710 740 2098 803 circumfusa
2141 739 2388 825 pruinis

775 818 1075 905 Corpora
1116 842 1353 904 magna
1396 821 1612 902 boum,
1659 823 2066 909 confertoque
2109 824 2365 907 agmine
2410 826 2588 887 cervi

773 901 1063 988 Torpent
1107 903 1272 967 mole
1315 927 1488 969 nova
1530 918 1593 968 et
1636 906 1900 968 summis
1945 906 2058 968 vix
2103 905 2401 970 cornibus
2445 913 2720 969 exstant.
2930 959 2937 964 .
2989 913 3090 962 370

769 984 908 1050 Hos
952 1008 1080 1049 non
1123 987 1407 1051 inmissis
1452 986 1739 1068 canibus,
1785 1010 1911 1052 non
1953 987 2243 1052 cassibus
2283 987 2430 1052 ullis

771 1269 886 1350 in³⁰
922 1285 1176 1391 corggrei,
1176 1270 1384 1391 IiiiVitXOI
1387 1273 1580 1391 {siv-0225)
1596 1269 1854 1392 21378131ιῖ8.ὲί
1888 1271 2029 1393 61ιᾶἑὲ
2066 1270 2256 1393 aegre:
2300 1302 2366 1310 —
2392 1272 2697 1400 {aeduam
2746 1270 3096 1392 sedem-{Ima

769 1355 942 1391 vena.
1084 1379 1096 1392 .
1259 1379 1271 1391 .
1438 1377 1451 1400 ,
1558 1379 1571 1400 ,
1666 1382 1676 1392 .
1881 1356 1906 1390 r
2068 1384 2078 1394 .
2187 1379 2199 1400 ,
2262 1372 2363 1394 .—-
2511 1377 2524 1391 .
2583 1377 2597 1400 ,
2762 1357 2783 1390 ι
2958 1356 3067 1390 ma

774 1405 829 1457 h.
870 1421 915 1459 e.
954 1403 1087 1458 alibi
1120 1405 1300 1459 fluida.
1372 1405 1491 1458 Non
1526 1354 1979 1474 itaqueeotiozti'm
2023 1356 2321 1477 gpitheton,
2379 1413 2443 1460 ut
2486 1380 2629 1476 apud
2651 1357 2946 1472 ἵὶτιιιιίιιοιίιιὶΙ.υ
2956 1377 3095 1460 Iusti

770 1471 919 1535 VIII,
957 1475 1006 1535 6,
1043 1477 1125 1527 49.
1174 1474 1380 1542 [imm0,
1433 1477 1498 1527 ut
1539 1473 1675 1527 illud
1718 1474 1962 1542 indutae,
2016 1474 2497 1545 interpretandum:
2559 1475 2728 1528 invita
2769 1477 2963 1527 natura
2997 1488 3096 1526 sua

771 1539 992 1593 humida
1027 1543 1083 1594 et
1115 1540 1332 1610 liquida.
1403 1540 1652 1595 Ceterum
1689 1541 1757 1594 cs.
1795 1540 1922 1596 Ge0.
1966 1541 2066 1606 lV,
2105 1547 2220 1596 363.
2278 1544 2505 1597 humida
2547 1560 2717 1610 regma
2761 1548 2818 1596 et
2858 1543 2989 1595 Aen.
3027 1540 3091 1602 V,

768 1612 884 1662 594.
919 1608 1145 1662 humida
1181 1609 1401 1676 maria]
1434 1608 1635 1661 Locum
1667 1610 1985 1677 expressisse
2018 1610 2230 1664 videtur
2264 1610 2414 1666 Ovid.
2452 1610 2616 1665 Trist.
2652 1610 2753 1672 111,
2797 1614 2875 1671 10,
2903 1613 2988 1662 23.
3012 1611 3092 1660 24.

769 1676 1025 1744 [Udaque
1058 1676 1371 1742 consistunt,
1407 1678 1653 1741 formam
1684 1678 1959 1748 estuantia
1995 1685 2176 1744 testae,
2219 1678 2379 1745 Vina,
2428 1695 2527 1730 nec
2566 1680 2761 1731 hausta
2800 1676 2959 1738 nm,
2998 1677 3098 1728 scd

769 1746 905 1796 data
971 1751 1124 1796 nasta
1160 1743 1381 1812 hibunt]
1448 1743 1633 1797 Burin.
1668 1742 1859 1796 laudat
1890 1745 2049 1798 Statii
2084 1746 2263 1814 lntpp.
2302 1746 2370 1799 ad
2405 1745 2569 1799 Theb.
2596 1746 2688 1806 IV,
2716 1750 2755 1798 1.
2781 1750 2836 1799 et
2861 1744 3093 1798 Macrob.

769 1810 881 1864 Sat.
1028 1850 1041 1873 ,
1085 1815 1159 1865 12.
1229 1811 1353 1863 Vini
1385 1827 1542 1864 usum
1579 1811 1634 1864 in
1667 1812 1852 1872 terriS,
1901 1827 2036 1880 quae
2090 1813 2343 1867 cerevisia
2382 1814 2676 1866 utebantur
2709 1829 2755 1867 v,
2794 1816 2938 1876 379,
2990 1827 3094 1865 ιιυιι

769 1879 905 1931 satis
952 1878 1223 1931 commode
1276 1895 1596 1933 memorasse
1646 1878 1944 1938 Maronem,
2001 1878 2094 1933 alii
2146 1879 2450 1934 viderunt.·‘
2506 1882 2682 1950 Heyn.
2751 1880 2872 1934 Non
2914 1883 3093 1933 tamen

772 1945 838 1999 de
872 1946 1010 1998 vinis
1045 1946 1119 1998 ibi
1155 1946 1325 2007 natis,
1384 1945 1477 2000 sed
1519 1947 1827 2013 importatis
1872 1963 2164 2002 sermonem
2211 1965 2324 2003 esse
2369 1951 2535 2018 patet.
2598 1980 2660 1986 κ-
2721 1946 2850 2008 865.
2919 1947 3095 2001 lacn-

769 2031 919 2072 uae,
955 2012 1107 2066 lacus
1146 2016 1204 2067 et
1229 2019 1442 2082 stagna.
1481 2012 1778 2077 Wunderl.,
1820 2015 1904 2067 cui
1940 2021 2135 2084 stagna
2170 2021 2292 2084 post
2326 2016 2547 2069 flumina
2580 2022 2824 2070 concreta
2861 2013 2987 2084 gelu
3023 2029 3093 2078 (v.

770 2085 908 2137 369.)
965 2080 1239 2135 abundare
1272 2080 1549 2145 videntur,
1609 2098 1705 2150 pro
1741 2082 1969 2136 lacunae
2005 2084 2182 2152 potius
2217 2085 2441 2162 laqemw
2476 2083 2596 2137 vult
2628 2082 2760 2151 legi,
2817 2082 2956 2152 quod
2994 2081 3095 2134 Bo·

770 2148 919 2202 thius
954 2164 1010 2202 re
1044 2165 1171 2203 vera
1205 2148 1392 2203 edidit.
1460 2148 1563 2202 Sed
1601 2153 1744 2202 recte
1777 2149 1927 2204 lahn.
1966 2150 2145 2212 docet,
2209 2150 2331 2204 huic
2371 2150 2457 2204 vel
2493 2150 2708 2204 lectioni
2745 2150 2829 2204 vel
2864 2148 3094 2218 explica-

769 2216 904 2269 tioni
947 2217 1162 2270 obstare
1205 2217 1368 2270 verba
1408 2215 1598 2269 addita
1641 2225 1785 2270 totae
1828 2218 1882 2270 in
1925 2219 2152 2285 ylaciem
2186 2226 2417 2280 vertere,
2482 2221 2539 2272 et
2570 2217 2882 2287 gradatione
2918 2218 2968 2270 in
3009 2215 3093 2269 his

769 2300 926 2337 usum
962 2300 1077 2338 esse
1111 2284 1423 2351 Vergilium.
1495 2284 1725 2336 Lacuna
1799 2302 1856 2337 ro
1890 2301 2059 2353 aquae
2096 2285 2429 2349 collectione,
2467 2304 2494 2339 s
2631 2303 2678 2348 o,
2713 2286 2852 2348 lacu,
2892 2285 3094 2353 legitur

769 2352 932 2407 etiam
963 2367 1143 2431 ‘supra
1187 2352 1311 2405 Geo.
1365 2351 1408 2414 1,
1452 2355 1592 2413 ΙΠ,,
1642 2367 1746 2419 apu
1818 2351 1972 2446 Luer.
2022 2352 2109 2414 Vl,
2147 2359 2258 2406 551.
2306 2354 2465 2408 Mart.
2511 2354 2537 2407 Ι
2590 2395 2603 2416 ,
2642 2361 2690 2408 4.
2727 2357 2783 2407 et
2815 2353 2973 2414 alibi;
3031 2355 3096 2405 ut

768 2435 1222 2567 excessus:
1247 2418 1933 2557 .¹;f²⁰2¹v·.,.1‡¹.:.1.¹.2⁴2.2.25..2
1948 2422 2631 2568 ’.333..:;“‘1‘.⁹.5...‘⁰⁶²⁴”⁰2..
2549 2420 3094 2546 ...ccccm

767 2572 949 2610 mann.
987 2571 1044 2608 m
1070 2555 1228 2609 Lucr.
1265 2554 1387 2621 (ΙΙΙ,
1423 2559 1594 2615 1031.)
1634 2573 1687 2623 p.
1712 2561 1826 2610 205.
1865 2560 1922 2609 et
1947 2556 2201 2612 Bitschel.
2239 2558 2292 2611 in
2325 2557 2466 2611 Mus.
2589 2573 2671 2612 en.
2710 2558 2855 2611 vlu.
2892 2574 2946 2626 p.
2975 2560 3092 2610 494.

767 2640 888 2678 cum
907 2623 1050 2677 Med.
1073 2638 1107 2677 a
1132 2638 1204 2677 m.
1230 2640 1311 2692 pr.
1339 2623 1557 2691 scripsit
1582 2624 1825 2677 lucanae.
1877 2626 1961 2677 Cf.
1986 2625 2101 2678 eius
2119 2624 2329 2693 Proleg.
2353 2641 2406 2693 p.
2428 2630 2544 2678 430.
2583 2657 2647 2664 —
2681 2632 2935 2677 vertere
2969 2640 3091 2692 prot

765 2708 822 2746 se
858 2698 1083 2753 vertere,
1122 2690 1157 2744 i.
1193 2705 1238 2742 e.
1276 2688 1453 2743 solent
1486 2705 1543 2743 se
1577 2694 1795 2745 vertere.
1870 2690 1987 2745 vid.
2022 2691 2231 2745 adnott.
2265 2691 2335 2746 ad
2372 2691 2501 2747 Geo.
2537 2692 2581 2753 Ι,
2615 2697 2699 2744 49.
2757 2692 2990 2760 itemque
3024 2690 3094 2743 ad

764 2758 878 2813 Ecl.
906 2758 999 2821 IV,
1035 2761 1118 2811 45.
1154 2756 1279 2811 Geo.
1314 2757 1358 2821 1,
1397 2761 1514 2811 333.
1553 2758 1684 2811 Aen.
1720 2757 1764 2817 1,
1802 2761 1942 2819 234.)
1978 2789 2042 2798 ——
2079 2758 2204 2819 366.
2240 2759 2324 2813 cf.
2358 2758 2509 2814 Ovid.
2551 2760 2711 2812 Trist.
2808 2759 2850 2817 1.
2891 2764 2969 2821 10,
3009 2762 3093 2813 21.

764 2827 945 2897 Saepe
982 2833 1182 2879 sonant
1209 2826 1347 2879 moti
1375 2826 1556 2892 abacia
1579 2827 1848 2894 pandente
1882 2825 2099 2896 capilli,
2134 2826 2211 2879 Et
2238 2827 2371 2879 nitet
2400 2828 2621 2880 inducto
2646 2828 2894 2880 eandida
2921 2827 3095 2880 barba

760 2896 903 2962 yelu.
942 2924 1006 2932 —-
1045 2894 1375 2946 induruit.
1444 2891 1563 2946 Vid.
1599 2891 1811 2947 adnott.
1846 2893 1914 2946 ad
1951 2894 2076 2948 Geo,
2111 2893 2155 2959 1,
2192 2899 2273 2948 49.
2331 2896 2412 2948 Cf.
2450 2896 2632 2948 autem
2668 2896 2799 2948 Aen.
2830 2893 2933 2955 IV,
2977 2898 3093 2947 251.

762 2962 942 3030 qlaeie
974 2960 1114 3028 riqet
1145 2961 1381 3013 horrida
1413 2960 1600 3012 barba.
1670 2961 1969 3029 Conington
2015 2961 2156 3014 hunc
2203 2977 2413 3014 versum
2460 2978 2581 3015 cum
2622 2960 2971 3017 antecedente
3017 2960 3095 3013 sic

765 3030 1045 3083 cohaerere
1079 3030 1257 3096 putat,
1293 3031 1357 3081 ut
1390 3042 1562 3081 sermo
1598 3027 1671 3080 sit
1705 3027 1771 3081 ‹le
1807 3028 1976 3081 barba
2010 3045 2206 3092 eorum,
2244 3030 2333 3097 qui
2371 3045 2432 3082 ex
2466 3028 2577 3082 illis
2601 3028 2806 3083 lacunis
2830 3028 3090 3089 biberint;

765 3096 907 3166 quod
939 3102 1123 3150 tamen
1160 3093 1421 3164 quomodo
1456 3094 1572 3148 fieri
1607 3096 1844 3162 potuerit
1882 3096 2046 3148 totis
2080 3095 2190 3149 illis
2225 3096 2281 3149 in
2323 3095 2550 3165 glaciem
2594 3097 2785 3160 versis,
2836 3111 2939 3149 non
2973 3111 3091 3164 per-

768 3164 950 3233 spicio.
1020 3163 1191 3216 Immo
1227 3161 1358 3216 haec
1390 3162 1554 3215 verba
1587 3177 1690 3214 non
1727 3163 1926 3215 arctius
1971 3179 2089 3216 cum
2134 3164 2323 3217 ceteris
2365 3164 2673 3227 cohaerent,
2721 3180 2883 3232 quam
2925 3171 3095 3216 vestes

763 3235 1000 3298 riqentes
1054 3247 1175 3284 cum
1229 3231 1440 3283 aeribus
1494 3229 1883 3284 dissilientibus
1940 3235 1993 3284 et
2050 3232 2185 3284 vinis
2240 3232 2511 3285 securibus
2562 3232 2748 3286 caesis.
2842 3231 3092 3285 Ceterum

765 3298 976 3353 Peerlk.
1016 3316 1066 3367 p.
1104 3301 1201 3351 257
1238 3314 1355 3367 sqq.
1395 3297 1534 3350 hunc
1568 3296 1744 3351 locum
1784 3298 1853 3351 ad
1887 3298 2171 3352 arbitrium
2204 3299 2280 3351 sic
2312 3300 2617 3363 constituit,
2657 3304 2720 3352 ut
2754 3315 2804 3353 v.
2840 3301 3090 3351 262-64.

767 3372 1044 3436 tamquam
1090 3365 1298 3435 spurios
1344 3366 1581 3427 eiiceret,
1638 3381 1688 3417 v.
1733 3370 1851 3419 366.
1887 3372 2066 3420 autem
2107 3370 2227 3435 post
2261 3382 2310 3421 v.
2344 3370 2456 3422 382.
2505 3370 2900 3437 transponeret;
2949 3365 3088 3435 quod

766 3435 1026 3489 absonum
1066 3448 1181 3487 esse
1215 3431 1371 3486 docet
1405 3432 1657 3486 Ribbeck.
1693 3431 1903 3502 Proleg.
1938 3451 1988 3502 p.
2026 3439 2129 3495 51„
2167 3449 2287 3488 cum
2314 3434 2620 3490 Subiectum
2653 3451 2782 3502 qens
2813 3437 3021 3506 effrena
3057 3448 3092 3487 a

767 3502 942 3555 Verbo
977 3517 1074 3554 suo
1107 3501 1321 3554 velatur
1355 3499 1564 3568 seiungi
1598 3515 1702 3553 non
1748 3503 1916 3569 possit
1951 3502 2194 3555 immixta
2228 3501 2403 3557 aliena
2436 3503 2705 3557 sententia
2737 3501 2913 3556 Stiria
2948 3531 2971 3542 ·
3006 3529 3030 3541 -
3067 3529 3090 3541 -

769 3569 1030 3623 indm-uit.
1070 3567 1271 3622 Versus
1305 3570 1487 3621 tamen
1523 3570 1637 3621 362.
1674 3567 1839 3621 etiam
1873 3568 1993 3622 huic
2030 3569 2142 3622 viro
2176 3567 2394 3624 doctiss.
2432 3576 2496 3623 ut
2531 3570 2801 3640 loquacior
2823 3568 3087 3638 displicet.

766 3636 980 3697 -367,
1016 3653 1146 3688 non
1175 3636 1384 3688 setius
1409 3632 1624 3697 (vid.ad
1652 3634 1779 3688 Geo.
1804 3635 1876 3698 n.
1906 3639 2042 3691 277.)
2072 3637 2239 3705 Heyn.
2276 3638 2524 3717 explicat:
2578 3655 2681 3691 non
2718 3638 2893 3691 minus
2928 3652 2963 3690 a
3026 3651 3091 3688 ue

766 3709 909 3766 ante,
934 3703 1054 3757 coll.
1094 3702 1219 3757 Geo.
1256 3702 1330 3762 11,
1354 3705 1499 3763 2774
1535 3702 1732 3756 rectius
1756 3703 1852 3756 vir.
1880 3703 2021 3757 doct.
2050 3705 2104 3757 in
2128 3705 2369 3759 Seebodii
2390 3705 2526 3759 Nov.
2545 3704 2685 3760 Bibl.
2711 3706 2828 3759 crit.
2853 3704 2912 3759 T.
3076 3743 3089 3757 .

768 3772 886 3827 Vol.
926 3771 997 3825 Π.
1036 3788 1088 3840 p.
1130 3773 1277 3824 1192.
1317 3780 1372 3833 (a
1391 3769 1584 3839 Wagn.
1619 3769 1817 3824 lauda:
1859 3787 2017 3840 quam
2054 3788 2269 3826 saevum
2307 3773 2494 3839 frigus,
2536 3776 2649 3827 tam
2686 3772 2889 3827 multae
2922 3771 3089 3825 nives.

765 3871 831 3881 —
867 3846 1005 3894 toto
1042 3844 1196 3892 aere
1228 3839 1341 3890 nin
1393 3839 1518 3903 uit,
1556 3842 1638 3891 est
1671 3841 1821 3893 totus
1853 3845 1944 3893 aer
1978 3839 2096 3894 nive
2134 3839 2354 3894 cadente
2374 3858 2429 3895 re
2468 3837 2867 3901 letuS.--368.
2893 3879 2929 3907 ,‚
2990 3857 3090 3891 ru·

765 3909 902 3961 inis
931 3922 1028 3976 pro
1060 3906 1292 3959 nivibus.
1347 3855 1590 3959 ‘Videtur
1622 3912 1779 3974 poeta
1814 3906 1862 3960 h.
1898 3907 1937 3960 1.
1975 3912 2207 3961 certasse
2242 3924 2361 3961 cum
2449 3925 2624 3963 omero
2659 3908 2727 3962 ΙΙ.
2763 3908 2886 3965 XII.
2961 3910 3089 3960 78—

767 3979 884 4029 286.
951 3973 1225 4043 praeclaro
1284 3972 1417 4026 loco.
1488 3973 1679 4051 Accipe
1738 3974 1802 4027 de
1852 3975 2139 4043 repentinis
2181 3975 2391 4030 nivibus
2436 3993 2532 4046 per
2578 3993 2667 4030 eos
2708 3992 2914 4045 quoque
2957 3974 3088 4037 dies,

768 4044 961 4112 quibus
995 4040 1225 4111 pecudes
1265 4040 1495 4095 stabulis
1529 4056 1750 4095 emissae
1787 4046 2135 4111 poscumus-,⁶⁴
2174 4043 2347 4112 Heyn.
2385 4044 2489 4098 Sed
2521 4043 2620 4097 boc
2654 4043 2972 4097 contradicit
3003 4042 3087 4105 iis,

768 4127 903 4179 quae
944 4127 993 4163 v.
1042 4113 1156 4164 352.
1201 4109 1464 4178 legimus3
1522 4123 1686 4177 quare
1735 4110 1913 4178 cogita
1960 4109 2138 4177 potius
2182 4126 2301 4164 cum
2358 4111 2592 4169 Ladew„
2654 4112 2717 4163 W
2830 4150 2843 4163 .
2898 4113 2953 4164 et
2989 4111 3090 4163 Co·

767 4179 938 4247 ningt.
989 4178 1054 4232 de
1105 4177 1282 4231 bubus
1328 4176 1568 4245 plaustro
1614 4176 1810 4231 iunctis
1849 4184 1904 4230 et
1946 4176 2140 4230 subitis
2173 4179 2383 4233 nivibus
2412 4180 2635 4234 obrutis.
2703 4127 2875 4233 ἔξω·
2906 4182 3087 4231 tamen

765 4246 962 4300 Ameis.
1014 4245 1152 4315 Spic.
1210 4261 1264 4314 p.
1311 4249 1375 4297 33
1481 4264 1519 4298 .:
1591 4244 1774 4306 „nives
1824 4260 1917 4313 per
1960 4250 2147 4299 tenues
2192 4248 2353 4300 rimas
2406 4246 2461 4300 in
2505 4247 2623 4326 ipsa
2671 4246 2888 4301 stabula
2931 4261 3090 4315 pene-

767 4317 943 4377 trant,
1005 4329 1108 4382 quo
1145 4316 1288 4366 facto
1320 4327 1452 4381 pecu
1493 4327 1547 4366 es
1584 4311 1707 4379 gelu
1743 4312 2080 4376 intereunt;“
2142 4313 2280 4382 quod
2319 4315 2530 4383 probari
2564 4331 2668 4368 non
2708 4318 2911 4383 potest,
2954 4311 3090 4366 nivi-

767 4382 869 4435 bus
913 4381 1083 4442 enim,
1147 4396 1283 4461 quae
1334 4395 1430 4448 per
1488 4382 1717 4433 tenues
1775 4381 1936 4434 rimas
1990 4396 2046 4433 se
2099 4380 2395 4442 insinuant,
2457 4382 2686 4451 pecudes
2731 4382 2817 4434 vix
2867 4384 3091 4450 possunt

767 4449 1012 4511 interire,
1079 4464 1303 4502 maiores
1345 4454 1527 4500 autem
1572 4446 1793 4501 fissuras
1873 4447 2067 4502 ecuarii
2123 4448 2177 4501 in
2223 4449 2453 4504 stabulis
2500 4452 2611 4504 suis
2656 4466 2759 4503 non
2805 4447 2996 4503 ferent.
3024 4478 3092 4487 —-

765 4515 894 4578 369.
943 4514 1253 4586 Corpora
1295 4533 1393 4568 ma
1445 4532 1528 4568 na
1572 4517 1768 4569 boum.
1884 4518 1918 4570 s.
1963 4515 2172 4570 adnott.
2216 4517 2284 4571 ad
2326 4519 2459 4571 Aen.
2503 4518 2547 4581 1,
2592 4522 2702 4571 193.
2740 4517 2932 4584 Wagn.
2970 4515 3091 4571 Vol.

765 4584 829 4639 V.
891 4584 1084 4637 bovam
1135 4582 1320 4638 edidit.
1440 4582 1509 4635 id.
1567 4582 1776 4637 adnott.
1833 4584 1900 4638 ad
1953 4600 2002 4638 v,
2039 4588 2155 4639 419.
2222 4616 2289 4624 —
2333 4583 2462 4645 370.
2509 4588 2712 4640 moles
2760 4602 2934 4638 nova
3016 4599 3090 4639 sc.

760 4653 915 4717 nivis,
952 4650 1157 4721 Heynio
1193 4654 1248 4706 et
1280 4650 1598 4718 Coningtoni
1632 4656 1715 4706 est
1737 4652 1986 4716 insoleus,
2023 4652 2285 4722 Wagnero
2307 4658 2488 4707 autem
2519 4670 2698 4709 recens
2722 4654 2891 4721 lapsa.
2925 4624 3082 4706 lssrior
3167 4698 3175 4706 .
