3616 5026
623 212 741 272 500
1335 205 1407 271 P.
1451 203 1824 271 VERGILI
1863 200 2260 269 MARONIS

624 371 993 437 Insineerus
1039 394 1195 458 apes
1235 370 1455 436 tulerit
1496 393 1704 438 cruor.
1788 368 2006 435 Altius
2054 390 2307 436 omnem
2846 380 2946 431 285

622 453 989 541 Expediam
1081 456 1249 519 rima
1289 465 1588 541 repetens
1630 453 1716 520 ab
1757 455 1856 520 ori
1907 455 1920 468 '
1973 475 2010 518 e
2050 453 2312 519 famam.

622 538 788 603 Nam
832 560 961 624 qua
1057 536 1244 603 ellaei
1284 560 1445 623 gens
1487 539 1814 604 fortunata
1898 538 2096 623 anopi

619 620 871 686 Aecolit
914 620 1113 686 effuso
1158 630 1568 708 stagnantem
1607 621 1871 686 flumine
1913 619 2132 685 Nilum

617 704 704 768 Et
747 705 989 769 circum
1033 707 1222 790 pictis
1264 703 1521 770 vehitur
1564 727 1682 769 sua
1717 726 1876 769 rura
1917 700 2234 789 phaselis;

620 786 892 876 Quaque
940 787 1355 875 pharetratae
1392 789 1635 854 vicinia
1665 786 1958 854 Persidis
2002 795 2236 873 urguet
2844 794 2944 846 290

616 1072 850 1127 Lucretii
886 1073 1203 1144 exemplum,
1243 1074 1334 1144 qui
1365 1076 1411 1138 I,
1471 1080 1552 1130 50.
1586 1091 1769 1129 rerum
1793 1073 2116 1156 pnmordia
2144 1074 2396 1143 pandam
2428 1068 2580 1134 dixit,
2635 1072 2691 1124 et
2744 1068 2809 1133 V,
2865 1072 2951 1123 55.

619 1157 822 1195 omnem
879 1159 1062 1195 rerum
1102 1151 1358 1196 naturam
1433 1146 1636 1198 andere
1671 1143 1853 1197 dictae.
1929 1143 2019 1197 Ita
2051 1140 2193 1211 apud
2264 1139 2546 1193 osteriores
2582 1141 2767 1207 poetas
2806 1135 2946 1191 haud

618 1226 754 1263 rai-o.
807 1208 930 1263 Vid.
970 1210 1133 1264 etiam
1166 1211 1299 1265 Aen.
1419 1249 1432 1273 ,
1473 1214 1589 1265 267.
1645 1210 1843 1265 Lucan.
1901 1210 1993 1273 Vl,
2034 1214 2151 1263 590.
2183 1208 2219 1262 S
2251 1211 2327 1261 at.
2364 1205 2490 1261 silv.
2542 1206 2598 1271 I,
2635 1210 2684 1270 5,
2723 1209 2807 1260 29.
2847 1209 2949 1258 etc.

616 1276 866 1331 Ceterum
903 1275 968 1331 de
1005 1279 1400 1333 constructione
1433 1286 1639 1350 tempus
1696 1281 1822 1343 (est)
1876 1279 2129 1349 pandere
2170 1275 2240 1329 cf.
2312 1290 2413 1328 uae
2472 1272 2543 1327 ad
2576 1272 2703 1329 Geo.
2740 1273 2791 1336 1,
2829 1277 2948 1326 305.

615 1345 1004 1398 adnotavimus.
1066 1376 1130 1385 —
1187 1346 1365 1401 Verba
1398 1347 1528 1400 iam
1561 1362 1755 1416 saepe
1789 1362 1897 1399 non
1929 1345 2196 1425 pertinere
2335 1342 2507 1396 caesis
2542 1342 2805 1406 iuvencis,
2852 1339 2947 1394 sed

615 1412 684 1466 ad
745 1412 968 1467 verbum
1001 1414 1201 1478 aderit,
1264 1413 1423 1468 facile
1458 1416 1699 1494 apparet.
1770 1413 1945 1467 Simili
1980 1413 2184 1467 ratione
2233 1427 2342 1464 voc.
2380 1410 2580 1464 deinde
2625 1408 2797 1463 alieno
2830 1408 2945 1462 loco

615 1481 832 1548 ponitur
864 1481 997 1536 Aen.
1034 1481 1079 1542 Ι,
1123 1486 1234 1536 195.
1294 1481 1409 1546 (ubi
1446 1483 1552 1537 vid.
1590 1481 1822 1540 adnott.)
1881 1480 1984 1546 111,
2022 1484 2137 1535 609.
2174 1479 2245 1544 V,
2291 1482 2366 1532 14.
2405 1482 2522 1531 400.
2558 1477 2688 1536 VII.
2728 1481 2842 1531 135.
2876 1508 2942 1515 —

615 1565 869 1628 quoque
901 1551 1090 1603 modo
1126 1549 1255 1616 (vid.
1294 1548 1363 1603 ad
1400 1549 1530 1604 Aen.
1567 1549 1630 1613 V,
1671 1551 1774 1615 23.)
1818 1552 1944 1603 etc.:
2006 1552 2062 1602 et
2096 1545 2355 1617 quomodo
2389 1546 2497 1599 iam
2532 1560 2717 1625 saepe,
2779 1544 2949 1624 caesis

615 1616 868 1674 iuvencis.
910 1634 1111 1670 cruor
1150 1618 1550 1684 insincerus,
1586 1620 1870 1686 corruptus
1906 1633 1967 1671 ex
2000 1615 2309 1685 putredine,
2349 1614 2604 1680 tulerat,
2643 1612 2946 1683 protulerit,

619 1684 957 1753 generaverit
992 1684 1083 1750 (cf.
1123 1685 1253 1739 Aen.
1289 1684 1333 1744 1,
1373 1689 1529 1752 605.),
1567 1702 1740 1756 apes.
1778 1684 2119 1739 Adiectivum
2154 1682 2550 1748 insincerus,
2589 1680 2731 1751 apud
2783 1680 2949 1735 alium

617 1767 806 1806 aureae
832 1754 1029 1805 aetatis
1054 1753 1157 1806 scri
1195 1758 1364 1806 torem
1404 1768 1507 1807 nou
1530 1753 1798 1807 invenitur
1832 1754 1888 1806 et
1924 1766 1958 1805 a
1980 1751 2088 1806 Ver
2129 1750 2140 1764 '
2168 1751 2213 1804 'o
2248 1750 2269 1802 i
2308 1766 2366 1803 so
2390 1748 2581 1803 fictum
2606 1748 2835 1802 videtur.
2870 1747 2949 1801 Ex

617 1818 713 1872 hoc
748 1820 862 1888 ipso
915 1819 1030 1873 loeo
1092 1820 1142 1873 vi
1181 1825 1302 1875 etur
1341 1820 1619 1874 transiisse
1655 1821 1706 1873 iii
1753 1818 2016 1874 Prudent.
2293 1859 2304 1871 .
2363 1820 2412 1870 4.
2471 1817 2766 1882 (insincera
2796 1817 2946 1870 acies

615 1886 910 1946 oculorum)
937 1891 993 1940 et
1015 1886 1175 1942 Gellii
1193 1889 1258 1952 V,
1288 1892 1335 1942 3.
1365 1892 1496 1942 extr.
1524 1888 1638 1955 (ubi
1659 1887 1982 1956 Protagoras
2010 1887 2311 1939 insincerus
2423 1884 2434 1896 '
2559 1884 2941 1955 philosophus,

612 1955 711 2007 sed
756 1956 1055 2008 acerrimus
1107 1973 1171 2010 so
1212 1957 1479 2010 Izi-<starum
1545 1972 1579 2010 a
1616 1955 1890 2025 pellatur.)
1969 1987 2035 1995 —
2114 1951 2248 2014 285.
2363 1952 2525 2006 Itius
2566 1969 2804 2006 omnem
2840 1953 2943 2006 etc.

613 2022 930 2101 Accuratius
1001 2021 1152 2077 dicen
1192 2040 1284 2077 um
1342 2025 1489 2077 erat:
1548 1973 1754 2089 &nare
1810 2022 1979 2077 altius
2031 2022 2339 2099 mediam,
2396 2035 2523 2074 nam
2588 2020 2764 2088 priora
2824 2035 2947 2073 con·

616 2092 794 2144 tinent
856 2105 1072 2144 causam
1091 2132 1103 2154 ,
1173 2108 1269 2145 cur
1341 2089 1474 2145 haec
1544 2089 1851 2171 exponenda
1910 2090 2039 2143 sint.
2119 2088 2200 2143 Cf.
2266 2092 2428 2142 etiam
2451 2127 2465 2150 ‚
2536 2102 2670 2156 quae
2737 2086 2946 2142 Ladew.

615 2158 653 2211 l.
704 2156 743 2211 l.
791 2157 857 2210 de
892 2158 1272 2227 compositione
1307 2157 1467 2212 huius
1503 2158 1704 2238 periodi
1738 2157 1976 2228 poeticae
2010 2157 2250 2226 exponit,
2286 2171 2599 2225 comparans
2634 2154 2778 2208 locos
2814 2156 2947 2209 Aen.

616 2224 657 2287 1,
699 2228 949 2279 527-34.
986 2230 1042 2280 et
1076 2226 1171 2289 IX,
1199 2229 1449 2280 267-71.
1488 2226 1737 2280 similiter
1760 2229 2117 2280 constructos.
2158 2256 2224 2265 ——
2257 2219 2389 2284 286.
2432 2239 2668 2277 omnem
2673 2227 2947 2293 samam,

615 2308 824 2347 omnem
860 2293 938 2347 rei
971 2295 1298 2350 memoriam.
1334 2295 1711 2357 narrationem,
1750 2301 2069 2364 repetens.
2139 2292 2220 2346 cf.
2257 2291 2390 2345 Aen.
2445 2290 2565 2354 VII,
2623 2295 2740 2344 371.
2794 2290 2947 2345 ovid.

613 2359 744 2413 Met.
780 2359 909 2424 VII,
950 2363 1063 2415 520.
1124 2363 1333 2416 Ordine
1366 2380 1508 2415 nunc
1539 2369 1782 2432 repetam
1839 2361 1954 2428 (ubi
1987 2360 2083 2415 alii
2117 2361 2293 2414 minus
2329 2358 2462 2412 bene
2494 2362 2778 2424 reseram.)
2837 2357 2948 2411 Cic.

614 2427 743 2496 Leg.
780 2427 825 2488 Ι,
863 2431 908 2481 6.
966 2429 1036 2482 in.
1094 2429 1224 2482 Alte
1261 2437 1312 2482 et
1367 2448 1405 2483 a
1437 2430 1621 2500 capite
1652 2448 1685 2481 r
1780 2438 1909 2481 tere.
1955 2427 2085 2482 ibid.
2128 2433 2175 2492 ξ.
2234 2429 2312 2479 20.
2383 2426 2565 2494 Visne,
2603 2426 2773 2495 ipsiu
2809 2424 2952 2478 iuris

613 2504 792 2549 ortum
823 2512 860 2548 a
890 2496 1055 2575 sonte
1088 2505 1392 2567 repetamus
1428 2500 1530 2551 etc.
1567 2528 1630 2536 -—
1664 2446 1979 2558 ἐξῆ-293.
2038 2493 2141 2549 Per
2203 2496 2374 2573 totam
2427 2493 2476 2548 A
2616 2501 2752 2556 tum,
2788 2509 2949 2563 quam

619 2568 775 2631 poeta
814 2563 1014 2617 fimbus
1049 2565 1160 2617 suis
1196 2565 1470 2635 designat,
1511 2564 1953 2630 (occidentalibus
1986 2580 2036 2617 v.
2077 2565 2221 2627 287.,
2273 2561 2517 2617 orientali
2555 2578 2619 2616 us
2656 2578 2706 2615 v.
2744 2564 2860 2616 290.
2900 2564 2955 2615 et

613 2631 942 2685 australibus
977 2647 1027 2685 ν.
1059 2633 1217 2698 291.),
1277 2632 1512 2687 Aristaei
1565 2633 1778 2687 invento
1839 2634 2084 2687 utuntur.
2144 2660 2211 2670 —
2267 2671 2301 2697 „
2347 2645 2450 2683 ene
2496 2631 2882 2698 fortunata,
2920 2646 2952 2683 a

611 2703 789 2752 terrae
821 2698 1080 2753 felicitate
1107 2717 1200 2754 seu
1223 2700 1510 2755 fertilitate
1547 2717 1608 2755 ex
1641 2699 1754 2754 Nili
1775 2699 2137 2754 incrementis.
2173 2727 2239 2736 —
2318 2698 2331 2722 ¹
2360 2714 2555 2769 nopm,
2582 2697 2613 2750 ὁ
2639 2697 2947 2764 Κάνωβος.,

611 2766 846 2845 Aegypti
883 2767 1028 2830 urbe,
1064 2783 1169 2822 nou
1207 2768 1367 2836 longe
1401 2769 1470 2822 ab
1506 2767 1846 2831 Alexandria,
1887 2783 2023 2889 zm
2059 2763 2438 2844 occidentalem
2473 2765 2553 2819 Ae
2662 2765 2706 2818 ti
2739 2768 2947 2833 partem

616 2832 864 2902 deSignat
901 2837 1010 2893 (est
1042 2834 1184 2889 euim
1240 2836 1385 2889 Cano
1424 2836 1565 2891 icum
1599 2836 1833 2904 primum
1878 2851 1913 2889 a
1986 2832 2301 2888 occidentah
2334 2832 2504 2887 latere
2607 2832 2618 2844 '
2649 2833 2659 2844 '
2699 2833 2918 2887 ostium)
2934 2856 2953 2896 ‚-

614 2900 754 2954 unde
790 2900 964 2955 Aeech
1002 2901 1040 2956 l.
1075 2902 1131 2955 in
1165 2902 1357 2957 Prome
1425 2944 1436 2956 .
1474 2919 1523 2957 v.
1565 2907 1682 2957 846.
1726 2904 1883 2957 ἔστιν
1919 2900 2084 2960 πόλις
2116 2900 2401 2967 Κάνωβος,
2438 2899 2646 2967 ἐσχάτη
2696 2900 2949 2965 ,θοι-ὐφ’*

618 2968 794 3047 Hegm.
851 2968 934 3022 Cf.
1025 2969 1164 3024 erod.
1202 2970 1287 3033 11,
1340 2974 1420 3035 15,
1459 2975 1538 3025 97.
1575 2971 1752 3025 Strab.
1787 2969 1963 3024 xvn.
1999 2986 2053 3038 p.
2091 2971 2188 3021 800
2226 2984 2305 3047 sq.
2339 2966 2591 3046 Eustath.
2628 2920 2713 3022 ini
2732 2967 2951 3036 Dionys.

615 3035 819 3104 Peneg.
873 3051 923 3088 v.
990 3040 1069 3089 13.
1105 3036 1249 3091 Mela
1304 3037 1379 3100 Π,
1441 3041 1516 3092 17.
1570 3037 1679 3093 alii.
1748 3036 1870 3092 Reli
1908 3037 2026 3090 uiae
2087 3035 2200 3090 eius
2235 3034 2485 3089 dimidiae
2517 3034 2678 3089 horae
2715 3036 2951 3104 spatium

616 3104 943 3158 occidentem
979 3120 1162 3157 versus
1196 3105 1406 3158 distant
1439 3106 1508 3159 ab
1543 3105 1779 3184 Abukir.
1847 3103 1891 3158 C
1921 3146 1933 3158 .
1995 3102 2134 3157 liber
2168 3118 2315 3157 meus
2336 3118 2463 3182 ‘geo
2533 3144 2545 3156 .
2598 3102 2697 3181 11.-
2737 3120 2789 3172 p.
2852 3105 2946 3155 777

617 3189 686 3291 22³,
721 3214 756 3292 ·.
769 3170 1111 3293 222212222‘:
1124 3171 1403 3294 aasz.
1421 3172 1936 3319 ῖῶςςθᾙὲὲῖεξν
1962 3169 2205 3307 ΕΡὲέςτ.
2227 3119 2949 3318 “εξὲ..”ῗῡ“.....;>.ε;ῑῆὲἑξξι

615 3306 780 3359 dones
822 3306 1126 3375 Aegyptum
1183 3308 1476 3369 obtinuere,
1537 3324 1570 3361 a
1613 3308 1829 3378 regibus
1888 3322 2009 3376 ipsa
2071 3309 2218 3359 terra
2265 3305 2636 3359 Macedonica
2714 3304 2845 3359 adeo
2897 3309 2951 3358 et

614 3373 866 3437 Pellaea,
903 3373 1163 3444 appellari
1200 3375 1431 3453 potuit.“
1484 3375 1666 3444 Heyn.
1725 3375 1812 3428 Sic
1863 3391 1896 3429 a
1955 3374 2168 3427 Lucano
2225 3371 2374 3436 VIII,
2436 3375 2555 3426 607.
2610 3345 2949 3453 I3tolemaeiis

613 3440 868 3495 Pellam
941 3458 1062 3505 uer,
1120 3444 1176 3495 et
1217 3442 1348 3496 ibid.
1399 3458 1449 3496 v.
1496 3446 1612 3497 475.
1652 3442 1843 3496 domus
1878 3442 1993 3496 eius
2030 3440 2259 3495 Pellaea
2293 3442 2537 3505 vocatnr;
2593 3455 2670 3494 sic
2702 3439 2840 3495 idem
2882 3440 2945 3502 V,

616 3512 696 3562 60.
748 3507 813 3561 de
909 3508 1082 3563 ellaeo
1128 3509 1465 3577 diadmmte,
1501 3509 1576 3573 X,
1627 3515 1745 3564 511.
1796 3509 1861 3564 de
1901 3509 2147 3565 Pellaeis
2187 3508 2360 3561 muris
2406 3508 2459 3575 (i.
2507 3524 2551 3562 e.
2586 3507 2945 3572 Alexandria).

614 3574 775 3628 Silius
818 3574 919 3638 XI,
980 3579 1092 3630 383.
1145 3581 1326 3631 autem
1370 3576 1434 3631 de
1486 3577 1730 3632 Pellaeis
1769 3578 2003 3647 sceptris
2043 3576 2283 3646 loquitur
2324 3579 2424 3629 etc.
2493 3575 2574 3629 De
2617 3575 2734 3644 ipsa
2766 3575 2946 3638 Pella,

616 3642 893 3696 Bottiaeae
925 3644 1074 3705 urbe,
1116 3644 1267 3698 cuius
1301 3642 1556 3715 reliquiae
1589 3645 1936 3700 inveniuntur
1967 3659 2132 3714 prope
2166 3642 2337 3696 Anah
2371 3641 2643 3711 Kilisealz,
2694 3643 2761 3697 cf.
2812 3642 2950 3697 liber

620 3724 769 3763 meus
801 3726 981 3778 geogr.
1030 3711 1133 3766 111.
1174 3729 1227 3781 p.
1270 3715 1418 3767 1062.
1457 3744 1522 3751 -
1558 3715 1675 3766 288.
1720 3720 1823 3768 sta

617 3777 771 3830 aunis
806 3778 852 3830 A
995 3781 1112 3832 tum
1148 3778 1393 3834 inundat.
1463 3780 1545 3835 cf.
1583 3781 1782 3836 Lucan.
1821 3730 1893 3841 fi.
1931 3783 2046 3833 417.
2116 3778 2207 3832 ‘Si
2236 3795 2350 3831 non
2370 3794 2479 3849 per
2507 3779 2688 3848 plana
2724 3786 2951 3856 tacent&

615 3846 850 3964 {liefftptc
945 3847 1132 3915 ibycus
1175 3845 1346 3900 Nilus
1388 3856 1668 3915 stagnaret
1711 3850 1929 3913 arenae)
1973 3806 2164 3901 Claud.
2219 3844 2378 3914 Idyll.
2424 3844 2527 3907 lv,
2573 3848 2656 3900 38.
2711 3848 2766 3900 et
2806 3845 2945 3924 Plin.

752 3952 764 3973 ,
807 3916 897 3974 11,
937 3916 1018 3966 22.
1071 3913 1273 3967 Eadem
1319 3914 1385 3969 de
1419 3931 1581 3970 causa
1614 3915 1793 3970 Padus
1828 3915 2042 3969 Lucano
2104 3913 2182 3968 IV
2193 3952 2206 3975 ‚
2250 3917 2359 3967 134.
2417 3914 2472 3967 et
2515 3912 2728 3982 Ganges
2762 3913 2948 3967 Curtio

617 3977 766 4057 VIIIz
804 3986 850 4032 9.
888 3988 1153 4049 stay-ruant.
1194 4012 1260 4021 --
1298 4022 1333 4049 „
1387 3983 1546 4038 ictis
1569 3983 1899 4053 phaselis,
1979 3981 2187 4041 ulchre;
2250 3996 2375 4035 uam
2411 3980 2509 4034 boc
2539 3982 2810 4051 proprium
2845 3982 2945 4034 Ae·

617 4049 938 4114 gyptiorum‚
999 4048 1315 4117 quemadmo
1355 4066 1447 4104 um
1504 4067 1566 4105 ex
1618 4049 1773 4105 Diod.
1828 4051 1873 4111 Ι,
1967 4055 2010 4105 7.
2065 4051 2122 4103 et
2179 4047 2377 4102 Herod.
2438 4047 2511 4109 ΙΙ,
2576 4052 2658 4102 96.
2698 4053 2777 4104 97.
2813 4049 2947 4103 satis

617 4116 848 4175 constat,
903 4118 966 4167 ut
1011 4120 1155 4171 certo
1190 4117 1558 4172 navicularum
1594 4133 1787 4187 genere
1802 4157 1816 4181 ,
1867 4117 1954 4172 cui
1998 4115 2177 4171 Baris
2222 4131 2413 4170 nomen
2456 4117 2599 4181 erat,
2635 4133 2731 4185 per
2761 4115 2945 4171 Nilum

616 4179 1027 4235 discurrerent.“
1065 4184 1242 4253 Heyn.
1296 4185 1376 4239 De
1426 4185 1509 4239 his
1551 4185 1759 4240 levibus
1792 4184 2054 4240 naviculis
2102 4183 2156 4236 in
2191 4183 2399 4253 phaseli
2442 4181 2571 4249 (vid.
2617 4184 2684 4237 ad
2727 4183 2854 4238 Ge0.
2901 4184 2945 4245 1,

617 4250 755 4301 227.)
815 4249 1042 4317 speciem
1076 4251 1324 4306 formatis
1357 4252 1509 4308 Voss.
1549 4254 1775 4307 conferri
1811 4253 1964 4307 iubet
2000 4251 2178 4306 Strab.
2236 4250 2405 4305 XVII.
2468 4267 2518 4319 p.
2578 4253 2690 4306 788.
2746 4252 2946 4306 Lucan.

616 4314 709 4375 IV,
756 4319 868 4370 136.
905 4319 962 4370 et
994 4316 1176 4374 Iuven.
1212 4319 1328 4388 XV,
1361 4322 1473 4373 127.
1543 4321 1694 4375 Adde
1732 4320 1937 4375 Catull.
1973 4319 2065 4383 IV,
2108 4323 2149 4372 l.
2188 4317 2348 4373 Mart.
2385 4316 2451 4380 X,
2488 4321 2572 4371 30.
2607 4319 2716 4374 Cic.
2756 4321 2874 4374 Att.
2898 4318 2941 4383 1,

622 4385 703 4460 ¹3.·.
738 4389 839 4438 etc.
877 4414 942 4423 —
977 4385 1226 4463 circum
1262 4416 1284 4427 -
1321 4417 1344 4428 ·
1378 4406 1554 4444 rura.
1622 4389 1712 4443 Ita
1736 4387 2187 4458 Praepositionem
2223 4387 2279 4440 iu
2316 4385 2639 4440 carminibus
2662 4387 2806 4442 haud
2826 4402 2945 4441 raro

615 4448 735 4524 aliis
774 4451 948 4529 verbis
988 4454 1287 4508 interiectis
1323 4471 1355 4510 a
1392 4456 1534 4510 Casu
1572 4471 1668 4510 suo
1703 4455 1959 4526 disiungi,
1997 4472 2079 4509 res
2118 4454 2251 4508 satis
2285 4456 2431 4508 nota.
2488 4452 2681 4509 Wund.
2719 4454 2945 4509 conferri

615 4514 765 4592 iubet
800 4516 1133 4572 simillimum
1171 4518 1348 4573 locum
1383 4522 1514 4577 Hor.
1554 4523 1669 4577 Sat.
1706 4523 1751 4587 1,
1791 4527 1840 4587 6,
1878 4528 1958 4578 59.
2010 4540 2121 4578 non
2162 4538 2259 4589 eqo
2293 4551 2317 4562 ·
2355 4549 2378 4562 -
2413 4521 2620 4577 circum
2655 4522 2750 4576 Me
2786 4521 2947 4576 Satu-

617 4596 807 4634 reumo
843 4586 1051 4638 vectari
1078 4603 1216 4639 rura
1248 4588 1467 4643 caballo
1495 4618 1518 4631 -
1540 4619 1565 4631 -
1590 4608 1782 4645 narro·
1819 4622 1887 4632 --
1918 4587 2049 4653 290.
2095 4588 2414 4659 „Quaque
2446 4590 2693 4644 vicinia
2727 4589 2947 4645 Persi-

1876 3719 2137 3766 nantem
2186 3710 2374 3765 Nilum
2415 3708 2582 3771 dixit,
2625 3711 2752 3791 quia
2794 3714 2949 3790 quot—
