3616 5026
1363 202 1836 273 BUCOLIOA.
1906 204 2098 273 ECL.
2142 204 2253 270 IV.
2894 210 2973 273 63

637 384 823 424 rursus
862 367 1045 424 claudi
1076 368 1241 425 iubet.
1311 369 1538 426 Videtur
1582 375 1742 442 poeta
1781 388 1866 427 res
1904 371 2073 425 exisse
2109 370 2383 425 Catullum
2429 370 2573 433 LXI,
2618 374 2731 426 231.
2811 371 2975 426 Clau·

637 438 751 491 dite
794 437 963 501 ostia,
1006 437 1276 505 virgines.-
1318 439 1576 493 [animus
1614 441 1767 495 cattis.
1839 444 1881 494 (2
1909 482 1921 495 .
1958 439 2210 509 Calpurn.
2254 438 2323 500 ll,
2364 444 2445 493 913.
2480 439 2715 508 primum
2759 440 2977 494 rechcde

636 506 881 560 canalem
910 505 989 558 Et
1009 505 1127 559 sine
1147 506 1261 560 iam
1280 508 1486 561 ducciam
1507 509 1746 561 sitientes
1782 507 1976 577 ἐπέρα
2009 508 2212 571 hortos,
2248 514 2527 577 praeterea
2559 512 2737 561 autem
2776 507 2901 563 Ge0.
2929 508 2972 572 Ι,

640 577 755 627 106.
790 577 848 628 et
880 576 996 629 269.
1033 604 1099 613 -
1141 574 1459 630 biberunt.
1531 575 1614 632 Cf.
1656 578 1770 630 not.
1806 575 1876 629 ad
1910 574 2023 630 Ecl.
2058 574 2125 639 X,
2168 580 2245 629 13.

1167 928 1656 997 ECLOGA
1742 930 1841 998 IV.
1969 929 2454 998 POLLIO.

1419 1189 2210 1276 ARGUMENTUM.

765 1371 914 1425 Inter
951 1370 1215 1441 Sibyllina
1248 1376 1466 1431 oracula
1508 1375 1616 1430 fuit
1658 1392 1851 1439 unum,
1900 1375 2041 1446 quod
2087 1373 2414 1445 congruebat
2469 1387 2588 1426 cum
2634 1372 2975 1428 Academico-

634 1454 753 1493 rum
803 1443 859 1493 et
900 1440 1198 1494 Stoicorum
1242 1441 1495 1513 dogmate
1547 1444 1613 1498 de
1656 1460 1794 1498 anno
1841 1442 2028 1499 mundi
2071 1443 2161 1509 (cf.
2204 1441 2386 1497 adnot.
2438 1440 2506 1495 ad
2542 1457 2590 1494 v.
2635 1447 2731 1503 5.),
2784 1458 2976 1496 canens

634 1506 854 1569 scilicet,
893 1506 1075 1562 decem
1111 1510 1384 1565 mensibus
1420 1512 1784 1566 saecularibus
1820 1512 2020 1566 exactis
2055 1510 2199 1565 hunc
2233 1526 2432 1565 annum
2463 1508 2632 1563 denuo
2669 1526 2975 1564 exorsurum

634 1591 749 1629 esse
784 1575 873 1641 (cf.
911 1576 1182 1630 Censorin.
1221 1596 1266 1633 c.
1306 1583 1384 1632 17.
1421 1580 1568 1634 Plut.
1611 1579 1665 1633 in
1701 1579 1856 1634 Sulla
1890 1596 1934 1634 c.
1973 1584 2018 1633 7.
2060 1583 2116 1633 et
2145 1579 2289 1633 Serv.
2326 1577 2395 1632 ad
2433 1576 2546 1631 Ecl.
2581 1576 2818 1635 1x‚47.›.
2861 1578 2976 1631 Iam

634 1658 756 1697 vero
790 1659 912 1698 cum
946 1644 1119 1713 primo
1153 1645 1342 1700 horum
1377 1648 1641 1701 mensium
1683 1648 1917 1701 Saturno
1951 1652 2209 1717 regnante
2244 1662 2465 1701 aureum
2500 1644 2772 1699 saeculum
2808 1644 2977 1699 bomi-

633 1726 727 1765 nes
760 1712 1000 1776 beasset,
1045 1712 1101 1765 in
1134 1712 1299 1768 Italia
1332 1716 1615 1770 obtinebat
1649 1715 1849 1784 opinio,
1896 1715 2035 1770 hanc
2068 1730 2285 1769 auream
2319 1716 2555 1768 aetatem
2589 1730 2708 1766 mox
2744 1729 2860 1767 esse
2896 1731 2976 1768 re-

634 1777 888 1843 dituram,
925 1795 1045 1834 eam
1085 1796 1149 1834 ue
1182 1781 1346 1837 stella
1379 1783 1478 1837 illa
1515 1783 1731 1847 crinita,
1771 1799 1908 1853 quae
1942 1799 1990 1837 a.
2037 1786 2151 1836 710.
2194 1800 2245 1851 p.
2281 1781 2347 1836 U.
2385 1782 2444 1836 C.
2481 1799 2524 1834 s.
2561 1785 2642 1834 4-1.
2678 1797 2728 1835 a.
2763 1780 2887 1835 Chr.
2923 1798 2975 1834 n.

632 1846 882 1916 apparuit
933 1848 1024 1913 (cf.
1112 1847 1178 1903 cl.
1221 1849 1364 1914 DL),
1412 1850 1586 1919 magis
1628 1851 1793 1905 etiam
1843 1852 2262 1905 confirmaverat.
2333 1849 2766 1903 Pronuntiabant
2812 1850 2979 1919 igitur

634 1915 929 1984 111-118ρί008,
986 1914 1111 1969 111111
1146 1916 1388 1972 Caesaris
1433 1922 1605 1974 morte
1646 1934 1847 1972 nonum
1898 1935 2132 1973 mensem
2177 1917 2504 1972 saecularem
2550 1920 2604 1971 et
2653 1917 2852 1972 Dianae
2897 1936 2978 1972 re-

634 1997 801 2051 gnum
835 1982 1050 2036 finitum
1086 2000 1201 2038 esse
1237 1989 1292 2039 et
1326 1984 1609 2048 decimum,
1645 1986 1893 2055 Apolline
1928 2004 1955 2042 r
2094 1990 2202 2048 nte,
2240 1986 2349 2039 iam
2385 1985 2660 2055 incepisse.
2730 1986 2834 2043 (Cf.
2867 1988 2978 2040 Au-

635 2053 826 2117 gustus
863 2051 917 2103 in
954 2050 991 2104 L
1027 2050 1100 2105 11.
1137 2051 1203 2105 de
1236 2054 1492 2108 memoria
1523 2054 1667 2108 vitae
1702 2070 1831 2109 suae
1865 2070 1949 2124 ap.
2011 2057 2132 2108 ὀι-ν.
2169 2051 2236 2107 ad
2272 2053 2382 2107 Ecl.
2411 2053 2503 2115 IX,
2540 2057 2604 2106 47
2613 2056 2645 2105 ,1
2714 2053 2844 2107 Cum
2884 2072 2978 2108 au-

633 2122 744 2172 tem
779 2118 1017 2188 spatium
1051 2118 1240 2174 horum
1276 2122 1537 2175 mensium
1572 2122 1926 2176 saecularium
1961 2138 2066 2175 non
2102 2126 2243 2176 esset
2285 2121 2445 2175 certis
2478 2120 2720 2174 terminis
2755 2122 2977 2176 circum-

634 2186 913 2255 scriptum,
951 2186 1201 2251 Romani,
1249 2187 1519 2243 diuturnis
1555 2189 1818 2243 bellorum
1854 2188 2090 2244 civilium
2126 2188 2298 2249 maIiS‚
2339 2189 2599 2257 imprimis
2635 2188 2775 2242 bello
2809 2189 2976 2243 Peru·

635 2254 749 2306 sino
785 2257 1073 2308 auctumno
1108 2271 1156 2309 a.
1196 2259 1308 2310 713.
1346 2264 1530 2311 exorto
1564 2263 1728 2327 atque
1771 2258 1988 2327 insuper
2029 2257 2170 2312 fame
2220 2256 2578 2311 atrocissima.
2623 2257 2911 2311 intercluso
2946 2275 2979 2312 a

635 2322 792 2375 Sexto
834 2321 1087 2391 Pompeio
1142 2326 1196 2378 et
1241 2323 1299 2379 L.
1343 2324 1498 2379 Dom.
1546 2324 1900 2379 Ahenobarbo
1953 2325 2097 2378 omni
2158 2328 2482 2385 commeatu,
2536 2340 2695 2393 quam
2751 2326 2979 2379 maxime

638 2389 824 2443 afflicti
859 2388 955 2443 illo
991 2394 1247 2471 tempore,
1288 2409 1391 2461 quo
1428 2392 1559 2447 haec
1593 2392 1722 2447 Eclo
1762 2408 1796 2446 a
1837 2392 2137 2461 conscripta
2171 2398 2255 2447 est
2290 2396 2601 2453 (auctumno
2636 2409 2683 2447 a.
2723 2396 2861 2447 714:
2908 2394 2977 2448 cs.

637 2473 682 2510 v.
728 2461 804 2511 11.
843 2459 900 2511 et
936 2461 1039 2518 12.)
1074 2457 1209 2512 1111111
1243 2460 1416 2528 magis
1452 2461 1506 2515 in
1544 2460 1682 2513 votis
1798 2460 2048 2523 buerunt,
2087 2476 2247 2530 quam
2284 2462 2347 2513 ut
2381 2459 2468 2513 hic
2512 2459 2745 2515 decimus
2782 2462 2978 2516 mensis

636 2526 924 2580 saecularis
959 2542 1121 2596 quam
1156 2528 1389 2597 primum
1422 2529 1666 2583 finiretur
1701 2533 1757 2583 ct
1792 2546 1913 2582 cum
1947 2545 2082 2582 novo
2116 2545 2253 2582 anno
2290 2528 2475 2582 mundi
2509 2545 2671 2583 aurea
2711 2535 2860 2584 aetas
2897 2548 2977 2584 re-

635 2597 947 2649 verteretur.
1018 2595 1137 2649 Iam
1173 2598 1495 2650 auctumnus
1530 2613 1578 2650 a.
1618 2600 1731 2650 714.
1767 2596 2031 2651 attulerat
2063 2596 2249 2650 foedus
2284 2595 2692 2658 Brundisinum,
2775 2614 2858 2656 uo,
2897 2616 2978 2652 re-

636 2663 837 2716 stituta
869 2662 1011 2717 inter
1044 2664 1337 2717 Antonium
1374 2669 1429 2718 et
1464 2663 1818 2719 Octavianum
1855 2664 2155 2728 concordia,
2192 2663 2388 2718 ltaliae
2432 2664 2673 2718 miseriae
2715 2681 2748 2718 a
2817 2666 2975 2720 finem

636 2729 899 2784 adductae
943 2729 1288 2792 videbantur,
1346 2747 1510 2801 quare
1551 2731 1823 2801 Vergilius
1876 2732 1928 2784 in
1973 2732 2068 2785 illo
2110 2731 2320 2786 foedere
2366 2731 2557 2786 decimi
2601 2733 2796 2785 mensis
2839 2751 2976 2788 saec.

636 2798 835 2852 exitum
873 2801 931 2852 et
963 2798 1177 2852 initium
1212 2797 1447 2853 melioris
1482 2815 1659 2854 rerum
1696 2798 2013 2854 conditionis
2048 2816 2333 2869 agnoscere
2368 2800 2471 2853 sibi
2504 2799 2712 2853 licitum
2747 2803 2975 2870 putavit.

636 2864 783 2930 Quod
820 2881 944 2920 vero
978 2867 1243 2920 Antonius
1278 2867 1349 2921 ad
1391 2867 1807 2937 componendam
1851 2867 2001 2922 illam
2049 2883 2232 2937 pacem
2265 2867 2510 2921 Asinium
2544 2865 2836 2922 Pollionem
2885 2869 2980 2924 ad-

634 2932 884 2988 hibuerat
896 2936 961 2997 ¹⁸),
997 2933 1163 2988 Italia
1183 2932 1341 2988 huius
1377 2936 1714 3004 potissimum
1751 2951 1910 3004 opera
1938 2935 2165 2989 miseriis
2191 2935 2302 2989 suis
2327 2935 2557 2989 liberata
2585 2933 2883 2998 videbatur,
2921 2941 2976 2991 et

635 3016 752 3054 cum
788 3001 931 3055 idem
966 3000 1049 3055 vir
1082 3001 1461 3056 meritissimus
1496 3002 1731 3057 eiusdem
1768 3004 1894 3056 anni
1921 3003 2221 3072 Septembri
2255 3020 2326 3056 m.
2372 3005 2594 3057 exeunte
2631 3006 2727 3056 aut
2761 3004 2978 3059 ineunte

634 3068 852 3123 Octobri
875 3068 1227 3123 Consulatum
1262 3069 1472 3123 iniisset
1510 3083 1690 3140 (quem
1724 3071 2007 3139 quominus
2044 3070 2285 3140 legitimo
2320 3075 2557 3139 tempore
2590 3070 2976 3139 ingrederetur,

637 3136 808 3191 turbis
842 3135 1073 3207 publicis
1106 3136 1397 3206 impeditus
1431 3137 1650 3202 fuerat),
1689 3138 1957 3207 Vergilius
1992 3138 2092 3192 hac
2125 3137 2324 3207 Ecloga
2362 3154 2466 3191 non
2502 3137 2672 3191 solum
2707 3138 2754 3192 ei
2791 3143 2976 3206 gratu-

633 3203 782 3258 latur
814 3203 958 3258 hunc
983 3204 1352 3268 Consulatum,
1391 3204 1486 3259 sed
1520 3223 1642 3261 eum
1678 3207 1844 3260 etiam
1881 3211 2156 3276 tamquam
2191 3206 2460 3276 auspicem
2495 3209 2552 3260 et
2587 3205 2775 3259 ducem
2809 3224 2976 3262 novae

634 3273 830 3326 aetatis
865 3287 1057 3326 aureae
1091 3272 1393 3342 praedicat:
1445 3289 1564 3328 cum
1601 3279 1782 3329 autem
1820 3273 2003 3328 eodem
2038 3275 2147 3329 fere
2185 3277 2448 3342 tempore,
2486 3289 2590 3342 quo
2626 3274 2973 3329 Consulatum

633 3339 769 3400 iniit,
806 3338 980 3393 Pollio
1015 3339 1125 3393 filio
1158 3347 1286 3394 nato
1322 3345 1513 3395 auctus
1549 3344 1792 3404 esset,⁸·)
1833 3358 1938 3394 non
1965 3342 2159 3395 mirum
2187 3340 2353 3395 videri
2373 3343 2567 3411 potest,
2605 3344 2816 3410 poetam
2836 3343 2890 3396 in
2915 3361 2974 3397 eo

634 3407 785 3529 quasi
825 3408 1041 3476 signum
1075 3407 1293 3478 aliquod
1327 3424 1495 3463 novae
1529 3426 1705 3463 rerum
1743 3408 2060 3462 conditionis
2093 3409 2365 3478 adspicere
2400 3408 2621 3478 ideoque
2654 3407 2791 3463 hanc
2826 3427 2974 3489 spem

658 3475 883 3529 elicioris
926 3476 1124 3529 aetatis
1171 3474 1441 3532 rediturae
1485 3483 1795 3531 connectere
1838 3493 1958 3530 cum
2001 3475 2256 3530 Pollionis
2300 3476 2491 3541 filiolo,
2541 3493 2603 3530 ac
2645 3477 2690 3530 si
2734 3478 2974 3533 hommes

635 3558 750 3597 cum
787 3559 848 3598 eo
883 3547 1248 3598 succrescente
1283 3544 1438 3613 quasi
1471 3544 1740 3612 gradatim
1777 3543 1846 3597 ad
1882 3544 2132 3599 maiorem
2161 3544 2476 3599 felicitatem
2494 3546 2788 3613 processuri
2811 3563 2974 3616 eoque

633 3610 818 3665 adulto
853 3626 1123 3664 summum
1164 3612 1276 3666 eius
1319 3612 1600 3680 fastigium
1646 3613 1944 3666 assecuturi
1990 3616 2183 3666 essent.
2254 3612 2342 3665 lta
2383 3612 2552 3680 igitur
2593 3613 2792 3674 omnia,
2840 3631 2975 3683 quae

635 3678 700 3733 de
732 3686 982 3732 nascente
1075 3696 1185 3732 cero
1218 3682 1378 3749 poeta
1416 3679 1560 3733 canit
1604 3680 1671 3734 ad
1719 3680 1874 3734 illum
1911 3680 2154 3734 Asinium
2189 3679 2433 3744 Gallum,
2478 3679 2732 3734 Pollionis
2783 3682 2971 3744 filium,

635 3746 913 3801 referenda
947 3744 1001 3800 vi
1040 3748 1223 3808 entur,
1269 3747 1529 3816 imprimis
1574 3764 1692 3801 cum
1739 3748 1903 3802 etiam
1938 3748 2197 3802 Asconius
2231 3747 2499 3801 Pedianus
2544 3749 2679 3812 (81110
2722 3749 2883 3804 dubio
2917 3750 2970 3804 in

634 3814 766 3867 libro
807 3813 875 3868 de
907 3812 1133 3935 ἿοἯ1111
1176 3815 1648 3882 obtrectatoribus)
1693 3815 1763 3869 ab
1806 3815 1901 3868 1110
1935 3816 2118 3870 Asinio
2162 3831 2218 3868 se
2262 3813 2474 3869 audisse
2521 3816 2790 3879 retulerit,
2838 3817 2973 3872 hanc

636 3881 887 3951 Eclogam
923 3882 978 3936 in
1054 3898 1268 3936 onorem
1312 3898 1465 3935 suuni
1514 3899 1630 3936 esse
1671 3883 1874 3936 factam
1921 3883 2087 3938 ‹Serv.
2133 3881 2202 3936 ad
2240 3881 2353 3937 Ecl.
2391 3883 2482 3946 IV,
2527 3887 2626 3942 11.)
2671 3887 2974 3956 pariterque

635 3949 867 4004 Macrob.
903 3949 1018 4003 Sat.
1054 3950 1152 4010 111,
1193 3955 1240 4003 7.
1277 3949 1342 4003 de
1378 3948 1562 4004 eodem
1596 3949 1853 4004 Pollionis
1888 3950 1997 4004 filio
2034 3967 2146 4005 eam
2182 3967 2340 4019 agere
2374 3958 2658 4006 asseveret.

766 4016 1127 4071 Nihilominus
1175 4017 1285 4082 alii,
1367 4018 1525 4071 uibus
1573 4034 1741 4087 nuper
1785 4035 1841 4072 se
1884 4018 2127 4073 adiunxit
2159 4018 2401 4073 Kalmus.
2438 4019 2620 4075 Exere.
2657 4023 2773 4075 crit.
2813 4040 2865 4091 p.
2902 4027 2970 4077 9..

636 4085 810 4155 potius
849 4083 915 4139 de
950 4085 1131 4139 Marco
1165 4086 1342 4140 Marce
1389 4102 1418 4138 o
1454 4086 1719 4165 cogitant,
1756 4102 1861 4155 quo
1895 4090 2025 4140 tunc
2058 4086 2303 4144 Octavia.
2343 4088 2576 4141 Antonio
2610 4090 2664 4142 in
2700 4091 2972 4143 matrimo-

636 4153 782 4207 nium
825 4151 1055 4218 tradita‚
1101 4170 1163 4209 ex
1205 4154 1379 4223 priore
1423 4169 1645 4223 comuge
1679 4154 1806 4209 Caio
1843 4153 2095 4209 Marcello
2136 4154 2359 4224 gravida
2408 4156 2574 4210 fuerit
2619 4156 2760 4219 (coll.
2804 4159 2972 4212 Dione

776 4311 825 4356 1Ρ)
856 4309 946 4357 Qui
974 4320 1087 4357 agro
1117 4308 1291 4348 Veneto
1321 4308 1506 4358 relicto,
1552 4318 1685 4357 quem
1731 4320 1831 4348 cnm
1865 4309 1950 4349 VII
1995 4307 2247 4358 legionibus
2277 4310 2350 4349 diu
2396 4309 2644 4350 retinuerat
2672 4311 2718 4350 111
2747 4315 2971 4358 potestate

636 4367 833 4412 Antonii,
863 4378 965 4407 cum
994 4368 1080 4406 hoc
1111 4370 1156 4404 et
1184 4365 1315 4406 Dom.
1348 4364 1654 4406 Ahenobarbo
1690 4367 1992 4407 Brundusium
2030 4367 2153 4406 venit
2181 4366 2333 4416 ibique
2372 4377 2473 4408 cum
2506 4368 2769 4407 Maecenate
2811 4367 2969 4407 foedus

638 4424 970 4465 Brundusinam
999 4422 1265 4472 composuit.

750 4479 831 4532 ⁴⁵⁸)
861 4482 935 4521 De
964 4481 1051 4521 1100
1081 4479 1134 4521 C.
1164 4479 1324 4520 Asinio
1353 4479 1490 4521 Gallo
1520 4480 1769 4522 Saloniano
1814 4481 1894 4528 (cf.
1929 4481 2115 4522 (ξι-111001
2145 4482 2280 4522 Thes.
2312 4491 2356 4530 p.
2393 4479 2487 4529 196,
2521 4480 2540 4521 1
2575 4493 2671 4529 sqq.
2724 4481 2970 4522 Mommsen

639 4539 774 4590 eon-p.
804 4540 947 4580 lucr.
977 4539 1080 4579 Lat.
1111 4538 1147 4580 1.
1178 4548 1224 4588 p.
1260 4537 1356 4579 179.
1408 4537 1538 4581 Serv.
1571 4541 1629 4579 ad
1660 4540 1790 4580 huin·
1823 4540 1920 4582 Eoi.
1951 4539 2050 4580 init.
2083 4540 2203 4578 Acro
2232 4539 2292 4579 ad
2321 4539 2435 4578 Hor.
2467 4537 2554 4578 Od.
2584 4539 2642 4588 11,
2677 4537 2713 4588 1,
2749 4538 2836 4588 16.)
2865 4540 2969 4579 vide

637 4598 852 4649 inprimi·
881 4595 1074 4636 Teuffel.
1105 4595 1153 4636 in
1181 4596 1329 4645 Pauly
1358 4595 1628 4648 Ileates-cycl.
1658 4597 1694 4637 1.
1738 4598 1830 4644 (ed.
1863 4597 1945 4640 ΙΙ.)
1975 4607 2019 4646 p.
2055 4593 2163 4637 ¹865
2190 4607 2258 4646 eq.
2291 4601 2336 4634 et
2366 4596 2615 4636 Drumann.
2649 4596 2704 4636 11.
2738 4606 2780 4645 p.
2817 4594 2870 4636 12
2899 4608 2966 4645 sq.
