3616 5026
1452 212 1981 282 GEORGICON
2023 215 2188 281 LIB.
2222 213 2307 282 Π.
2913 221 3030 285 351

697 377 880 465 Ergo
922 380 1049 445 rite
1092 402 1280 446 suum
1320 380 1581 447 Baccho
1625 381 1912 447 dicemus
1955 380 2265 449 honorem

702 460 1122 528 Carminibus
1164 466 1395 551 patriis
1438 464 1783 551 lancesque
1825 475 1890 530 et
1930 464 2066 530 liba
2106 466 2384 532 feremus

695 543 786 609 Et
829 545 1059 611 ductus
1104 568 1302 613 cornu
1345 548 1547 613 stabit
1588 570 1770 613 sacer
1813 548 2032 614 hircus
2074 548 2160 614 ad
2202 572 2386 615 aram
2933 558 3033 609 395

696 627 1105 716 Pinguiaque
1150 631 1217 696 in
1258 630 1526 697 veribus
1567 629 1957 698 torrebimus
2003 644 2157 697 exta
2201 632 2502 699 colurnis.

858 712 984 777 Est
1025 716 1221 779 etiam
1261 714 1370 779 ille
1413 713 1601 780 labor
1643 715 1949 781 curandis
1991 715 2237 782 vitibus
2280 716 2466 800 alter,

696 794 823 862 Cui
862 819 1214 885 numquam
1258 799 1559 864 exhausti
1604 802 1762 864 satis
1805 808 1934 864 est:
1974 822 2126 864 nam
2172 823 2254 866 ue
2294 822 2485 865 omne
2527 797 2875 889 quotannis

696 878 956 967 Terque
1000 891 1356 969 quaterque
1400 881 1603 948 solum
1649 882 2075 948 scindendum
2117 905 2163 971 g
2187 882 2355 948 aeba
2401 906 2483 949 ue
2522 883 2735 950 versis

688 961 1043 1029 Aeternum
1080 965 1444 1052 frangenda
1485 965 1882 1049 bidentibus,
1924 989 2113 1033 omne
2153 966 2346 1033 levan
2395 991 2505 1033 um
2926 973 3028 1025 4⁰⁰

690 1213 964 1282 religione,
1015 1230 1123 1284 qua
1158 1214 1462 1283 praesentia
1496 1213 1715 1269 deorum
1752 1215 1913 1269 certis
1946 1214 2080 1269 locis
2116 1231 2180 1270 ac
2213 1217 2545 1286 temporibus
2581 1214 2698 1269 fieri
2733 1212 3025 1276 ferebatur,

691 1286 770 1345 et,
819 1281 1033 1351 quando
1070 1282 1147 1336 dii
1184 1288 1525 1352 apparerent,
1573 1283 1750 1337 omnia
1783 1283 1983 1344 ridere,
2020 1282 2380 1347 frondescere,
2416 1300 2512 1353 pro
2553 1283 2813 1338 erminare
2846 1295 3030 1334 narra-

689 1350 909 1404 bantur.
968 1349 1223 1405 Perstitit
1266 1350 1380 1404 eius
1414 1351 1618 1405 formae
1649 1368 1782 1405 usus
1820 1352 2048 1404 maxime
2085 1352 2140 1404 in
2173 1351 2371 1405 Bacchi
2407 1355 2464 1406 et
2544 1351 2761 1421 pollinis
2806 1348 3028 1402 sacris.“

690 1417 872 1486 Heyu.
953 1418 1174 1472 Rectius
1228 1419 1411 1472 tamen
1464 1418 1550 1472 hic
1600 1418 1797 1472 oscilla
1850 1423 2065 1472 tantum
2119 1435 2281 1488 supra
2332 1435 2385 1473 v.
2444 1423 2561 1474 389.
2618 1419 3032 1472 commemorata

690 1486 881 1554 respici
917 1485 1128 1539 dixeris.
1167 1517 1231 1525 —
1266 1494 1468 1557 caput
1505 1489 1842 1540 honestum
1879 1489 1962 1539 est
1986 1486 2287 1555 pulchrum,
2315 1487 2628 1555 formosum,
2651 1484 2809 1555 quale
2835 1481 3033 1537 Bacchi

688 1552 744 1605 in
779 1554 1141 1607 monumentis
1176 1555 1311 1608 artis
1346 1555 1600 1624 antiquae
1636 1570 1759 1607 cons
1797 1554 1973 1607 icitur.
2011 1554 2094 1607 Cf.
2133 1555 2296 1608 etiam
2330 1554 2464 1609 Aen.
2501 1555 2567 1618 X,
2611 1557 2722 1644 133.
2757 1550 2880 1613 XII,
2918 1554 3030 1604 155.

688 1623 767 1688 (et
798 1621 944 1675 infra
978 1621 1105 1676 Geo,
1142 1621 1242 1682 ΠΙ,
1281 1624 1386 1684 81.)
1423 1622 1543 1676 Ter.
1580 1621 1716 1676 Eun.
1780 1621 1843 1683 V,
1880 1625 1929 1683 4,
1972 1626 2053 1674 15.
2087 1621 2198 1676 Ille
2234 1630 2354 1676 erat
2389 1624 2617 1675 honesta
2649 1622 2803 1687 facie
2826 1625 2877 1672 et
2900 1618 3032 1672 libe-

684 1687 819 1742 rali.
855 1688 1000 1743 Suet.
1038 1689 1157 1744 Tib.
1195 1692 1275 1743 68.
1298 1690 1493 1758 facies
1525 1691 1760 1743 honesta.
1798 1688 1928 1742 Hor.
1965 1688 2131 1744 Serm.
2167 1690 2211 1752 I,
2250 1693 2299 1753 2,
2337 1693 2423 1744 84.
2457 1691 2513 1744 si
2542 1690 2681 1758 quid
2712 1687 2925 1742 honesti
2956 1692 3034 1738 est

688 1755 764 1821 (in
799 1756 1014 1823 puellae
1050 1761 1289 1826 corpore}
1326 1760 1428 1811 etc.
1488 1758 1687 1811 Ameis.
1722 1756 1905 1826 Spicil.
1942 1774 1996 1826 p.
2034 1760 2115 1810 25.
2151 1758 2429 1810 honestum
2462 1761 2683 1829 propter
2718 1773 2774 1810 se
2812 1757 3031 1809 nentem

688 1838 902 1878 versum
936 1824 1167 1893 explicat
1202 1840 1298 1893 per
1329 1826 1678 1891 honoratum,
1735 1841 1839 1893 quo
1883 1829 2062 1878 tamen
2109 1841 2267 1879 sensu
2311 1825 2411 1879 hoc
2452 1824 2663 1879 Adiect.
2712 1824 2790 1878 ali
2825 1824 2844 1877 i
2887 1820 3030 1892 apud

687 1891 849 1961 Verg.
888 1908 995 1946 non
1029 1892 1250 1961 legitur.
1288 1923 1350 1930 —
1388 1892 1516 1953 393.
1554 1894 1865 1946 dicemus.
1904 1892 1985 1946 cf.
2023 1893 2232 1946 adnott.
2267 1892 2337 1947 ad
2364 1892 2479 1947 Ecl.
2504 1893 2603 1950 III.
2631 1897 2710 1947 55.
2749 1922 2816 1932 -
2852 1908 3032 1944 suum

692 1958 1038 2028 honorem,
1077 1960 1131 2014 h.
1170 1976 1214 2014 e.
1253 1976 1395 2020 suas,
1434 1961 1536 2030 ipsi
1573 1960 1785 2014 debitas
1820 1960 2024 2023 laudes,
2062 1960 2258 2029 hymno
2293 1965 2462 2025 actas,
2501 1964 2563 2015 ut
2597 1960 2731 2014 alibi
2764 1961 2944 2014 honor
2966 1957 3032 2012 de

693 2027 859 2080 sacris
895 2027 999 2082 diis
1034 2028 1234 2082 oblatis
1270 2027 1485 2091 dicitur,
1524 2044 1570 2081 e.
1607 2045 1661 2097 g.
1695 2028 1830 2081 Aen.
1866 2029 1911 2088 Ι,
1949 2034 2031 2082 53.
2070 2029 2189 2081 aris
2223 2028 2440 2099 inponit
2471 2030 2745 2082 honorem.
2792 2059 2858 2068 —
2902 2023 3030 2087 394.

709 2136 724 2161 ,
740 2096 1154 2149 carminibus
1178 2097 1457 2217 {latu-iis.
1499 2096 1671 2150 Fuere
1706 2094 1836 2149 haec
1862 2095 2099 2149 carmina
2122 2097 2345 2166 antiqua
2368 2096 2730 2150 Romanorum
2751 2096 2806 2148 in
2833 2092 3030 2149 Bacchi

687 2135 943 2217 bonorem
980 2164 1102 2219 cani
1134 2178 1195 2217 so
1223 2163 1323 2226 ‘ta3
1362 2180 1395 2218 a
1428 2164 1623 2233 quibus
1659 2161 1872 2217 diversa
1903 2163 2249 2227 Fescennina,
2286 2163 2353 2218 de
2389 2164 2584 2233 quibus
2619 2162 2727 2217 vid.
2763 2164 2895 2216 Hor.
2933 2162 3033 2231 Ep.

688 2230 764 2292 ΙΙ,
805 2233 850 2292 1,
894 2234 1046 2285 145.“
1085 2230 1265 2300 Heyn.
1300 2261 1369 2271 —
1406 2232 1657 2297 lances,
1695 2236 1912 2285 saturae
1946 2231 2213 2286 variarum
2248 2231 2469 2300 frugum
2505 2231 2761 2300 primitiis
2788 2231 3028 2293 onustae,

691 2301 749 2352 et
781 2299 929 2352 liba
962 2299 1215 2353 feruntur
1248 2298 1316 2353 ad
1351 2314 1493 2352 aras,
1568 2297 1873 2367 Conington
1910 2300 2087 2352 minus
2121 2303 2247 2368 apte
2282 2300 2492 2368 cogitat
2527 2298 2592 2353 de
2627 2299 2872 2353 lancibus
2898 2298 3034 2352 extis

691 2365 1009 2435 recipiendis
1044 2366 1350 2428 destinatiS,
1386 2372 1451 2421 ut
1486 2382 1651 2436 supra
1683 2383 1735 2419 v.
1778 2371 1891 2420 194.
1964 2368 2135 2420 Liba
2157 2370 2358 2435 ferre
2391 2367 2596 2434 legitur
2631 2367 2796 2421 etiam
2831 2364 3031 2419 Tibull.

692 2433 738 2495 Ι,
778 2438 826 2500 7,
865 2439 948 2487 54.
986 2435 1031 2499 Ι,
1075 2438 1152 2498 10,
1191 2438 1274 2488 23.
1315 2439 1371 2488 et
1405 2434 1554 2489 alibi.
1607 2434 1911 2503 Conington
1946 2434 2153 2489 confert
2187 2434 2342 2490 Ovid.
2379 2435 2532 2489 Fast.
2568 2434 2670 2496 m,
2709 2438 2825 2488 761.
2863 2432 3036 2487 Melle

686 2509 854 2572 pater
898 2501 1184 2565 (Bacchus)
1224 2504 1479 2571 facitur,
1542 2502 1656 2557 libo
1694 2520 1762 2556 ue
1804 2504 2002 2565 infusa
2044 2503 2247 2556 calenti
2285 2504 2418 2557 Iure
2469 2503 2748 2574 repertori
2793 2502 3037 2557 candida

691 2571 858 2623 mella
890 2572 1104 2625 damus.
1140 2571 1221 2624 De
1255 2571 1385 2624 libis
1418 2571 1552 2639 ipsis
1588 2571 1640 2623 vi
1682 2612 1694 2625 .
1731 2570 1941 2626 adnott.
1978 2570 2045 2624 ad
2082 2570 2195 2624 Ecl.
2233 2571 2354 2633 VII,
2395 2575 2478 2624 33.
2512 2600 2580 2610 —
2614 2569 2745 2632 395.
2781 2587 3038 2638 „cornu

697 2637 976 2691 ducitur
1009 2639 1228 2692 victima
1262 2640 1371 2692 ritu
1409 2654 1698 2692 sacrorum.
1738 2639 1841 2706 [Cf.
1880 2637 2090 2692 adnott.
2129 2638 2197 2693 ad
2234 2640 2362 2694 Geo.
2397 2639 2443 2700 I,
2482 2638 2619 2707 345]
2654 2639 2742 2692 Sic
2769 2642 2825 2692 et
2852 2645 3037 2691 stare

696 2706 920 2760 verbum
955 2705 1233 2760 sollemne.
1304 2706 1566 2760 victimae
1600 2709 1807 2775 partes,
1903 2722 2002 2760 uae
2037 2722 2143 2759 non
2176 2707 2233 2759 in
2280 2723 2377 2760 ara
2423 2705 2803 2767 adolebantur,
2865 2706 3036 2760 sacris

700 2773 873 2841 epulis
908 2775 1341 2843 apponebantur;
1390 2774 1515 2827 hinc
1549 2790 1597 2827 v.
1636 2777 1752 2828 396.
1791 2790 1865 2826 co
1907 2791 2076 2826 urna
2109 2791 2313 2827 verua
2349 2791 2410 2829 ex
2446 2774 2645 2838 coru10,
2682 2789 2844 2842 quam
2880 2773 3037 2826 arbo-

697 2857 808 2895 rem
845 2857 968 2895 cum
1003 2840 1216 2895 delectu
1251 2843 1375 2921 poni
1410 2842 1565 2895 aiunt
1597 2841 1936 2910 interpretes,
1975 2857 2035 2894 ex
2069 2856 2121 2896 v,
2156 2845 2271 2896 299.
2307 2859 2440 2895 neve
2461 2842 2604 2895 inter
2628 2842 2764 2895 vites
2788 2841 3036 2895 condam

694 2910 873 2963 κεναί(
912 2909 1092 2977 Heyn.
1130 2909 1398 2964 Nimirum
1432 2913 1497 2963 ut
1531 2924 1687 2977 caper
1720 2908 1922 2962 vitibus
1956 2908 2204 2963 inimicus
2239 2909 2451 2963 Baccho
2487 2908 2747 2973 caeditur,
2784 2909 2866 2962 ita
2885 2923 3035 2967 corv-

696 2976 809 3040 lus‚
857 2993 994 3046 quae
1029 2980 1087 3031 et
1117 2977 1237 3046 ipsa
1269 2978 1337 3031 iis
1370 2980 1553 3038 nocet,
1603 2976 1754 3045 quasi
1792 2992 1989 3045 poenae
2025 2976 2141 3030 loco
2176 2977 2259 3030 his
2303 2977 2520 3031 veribus
2563 2976 2892 3031 fabricandis
2938 2963 3035 3030 ad-

696 3043 932 3098 hibetur.
975 3043 1247 3098 C'olurnus
1281 3045 1421 3099 enim
1457 3061 1553 3114 per
1585 3043 1910 3099 metathesin
1946 3045 2154 3098 factum
2188 3062 2247 3098 ex
2274 3044 2552 3112 conanus,
2625 3044 2730 3098 uod
2756 3045 3033 3098 insuavem

696 3128 887 3166 sonum
922 3116 980 3166 et
1014 3111 1369 3167 difficiliorem
1401 3113 1894 3183 pronunciationem
1933 3110 2174 3167 haberet.
2243 3112 2326 3166 cf.
2367 3112 2536 3167 Prisc.
2645 3151 2657 3173 ,
2707 3115 2786 3173 11,
2832 3115 2912 3166 62.
2957 3114 3032 3180 (p.

694 3184 811 3235 595.
845 3179 931 3245 P.)
972 3182 1029 3234 et
1065 3180 1209 3235 Serv.
1248 3180 1317 3235 ad
1353 3182 1404 3235 h.
1444 3181 1483 3236 l.
1525 3180 1718 3235 Festus
1752 3184 1936 3233 tamen
1974 3188 1988 3240 (
2035 3184 2153 3233 .30.
2179 3179 2442 3241 Lindem.)
2483 3180 2660 3234 minus
2681 3178 3032 3249 probabiliter

694 3247 916 3302 deducit
960 3264 995 3301 a
1038 3266 1208 3302 corno
1256 3249 1462 3304 arbore.
1537 3278 1604 3288 -
1673 3248 1926 3301 Ceterum
2019 3247 2167 3309 alat..
2216 3247 2468 3301 Parrhas.
2514 3252 2571 3301 et
2621 3263 2726 3301 sec.
2775 3245 3031 3301 Rottend.

693 3318 942 3383 verubus,
996 3314 1090 3369 sed
1124 3316 1318 3385 reliqui
1348 3318 1581 3384 veribus,
1619 3314 1760 3384 quod
1794 3314 1979 3368 Burm.
2017 3318 2176 3375 teste,
2215 3318 2528 3384 praeferunt
2560 3314 2768 3369 Pierius
2802 3314 2870 3369 ad
2899 3314 3030 3368 Aen.

696 3383 739 3443 Ι,
783 3387 902 3437 212.
943 3385 999 3437 et
1033 3383 1098 3446 V,
1140 3388 1253 3437 103.
1292 3387 1347 3437 et
1381 3384 1585 3437 Balbus
1625 3382 1692 3436 ad
1730 3382 1851 3435 Val.
1891 3382 1977 3437 Fl.
2011 3382 2056 3445 1,
2094 3386 2210 3436 254.
2289 3383 2374 3436 cf.
2413 3384 2574 3437 etiam
2617 3382 2824 3437 Charis.
2900 3424 2912 3436 .
2949 3387 3030 3436 50.

694 3455 750 3503 et
785 3449 1089 3505 Schneider.
1131 3451 1226 3505 Gr.
1264 3451 1382 3504 Lat.
1419 3451 1490 3511 Π,
1532 3456 1579 3504 1.
1616 3466 1667 3518 p.
1706 3453 1846 3511 341„
1884 3451 1969 3504 cui
2002 3449 2088 3503 hic
2111 3451 2342 3504 verubus
2365 3451 2777 3520 praeferendum
2799 3450 2854 3503 vi
2892 3452 3030 3503 etur.

694 3518 884 3587 Wagn.
926 3521 982 3572 et
1018 3519 1373 3573 recentissimi
1413 3518 1642 3572 editores
1678 3520 2016 3572 retinuerunt
2050 3519 2279 3572 veribus.
2326 3550 2390 3558 —
2445 3517 2759 3579 397—407.
2802 3517 3032 3581 „Restat

694 3585 833 3640 alius
868 3586 1023 3640 labor
1059 3586 1117 3640 in
1150 3602 1280 3640 cura
1315 3585 1523 3648 vitium,
1563 3586 1654 3655 qui
1689 3601 1983 3655 numquam
2018 3586 2219 3649 finitur,
2259 3589 2322 3639 ut
2348 3585 2562 3639 vineam
2589 3586 2789 3640 iterum
2810 3586 3033 3639 iterum-

694 3653 1514 3790 222{5{³⁸⁸4p'⁵¹”}0⁶⁸31tfa⁰u2ffi⁸⁸ffi<21313
1517 3654 1757 3779 ²¹33?ss
1794 3670 1870 3774 ⁸3²1
1897 3652 3033 3791 P2¹⁵²3121Rssgssssssmsit‘iss’ssxiffiiussffi

692 3788 873 3858 Hcyn.
936 3788 1001 3842 In
1045 3789 1397 3844 substantivo
1434 3788 1851 3858 Participiorum
1883 3804 1987 3843 usu
2059 3789 2249 3844 raeivit
2283 3788 2583 3844 Lucretius.
2654 3788 2778 3843 vid.
2819 3789 3032 3842 adnott.

694 3872 814 3910 mea
846 3856 916 3910 ad
951 3857 1064 3910 eius
1098 3857 1142 3919 Ι,
1180 3861 1296 3911 385.
1332 3860 1388 3911 et
1421 3856 1630 3911 Wakef.
1668 3855 1737 3909 ad
1774 3857 1819 3919 1,
1861 3860 1976 3911 795.
2082 3897 2093 3920 ,
2139 3859 2253 3911 438.
2300 3856 2403 3917 111,
2451 3861 2568 3911 954.
2605 3860 2705 3910 etc.
2777 3855 3032 3911 Ceterum

692 3925 760 3977 cf.
799 3924 930 3978 Aen.
978 3924 1074 3985 IX,
1124 3928 1236 3980 356.
1312 3925 1626 3978 Poenarum
1669 3925 1985 3978 exhaustum
2024 3927 2161 3978 satis
2206 3932 2296 3979 est.
2367 3957 2433 3964 -
2503 3926 2674 3993 „ille
2716 3925 2913 3978 labor
2950 3953 2973 3964 -
3012 3956 3032 3966 -

691 4009 977 4061 namque.
1050 3991 1256 4047 Graeca
1307 3992 1439 4047 haec
1496 3993 1856 4047 membrorum
1917 3993 2168 4046 connexio
2221 3993 2322 4045 ὅδε
2380 3989 2557 4054 πόνος
2615 4021 2684 4031 -
2739 3991 2871 4065 γάρ.
2942 3992 3033 4046 Ita

691 4058 930 4128 Thucyd.
958 4060 1002 4121 I,
1030 4063 1079 4114 3.
1118 4061 1281 4126 δηλοῖ
1316 4063 1385 4114 δέ
1414 4080 1508 4128 μοι
1549 4066 1638 4112 καὶ
1677 4061 1812 4114 τόδε
1846 4091 1912 4100 -
1954 4061 2065 4131 πρὸ
2095 4063 2210 4140 γὰρ
2246 4081 2294 4112 κ.
2337 4080 2381 4113 τ.
2421 4063 2506 4114 λ.“
2552 4059 2751 4113 Wund.
2791 4092 2859 4101 -
2902 4057 3033 4120 899.

693 4127 773 4181 Cf.
811 4127 1022 4181 Colum.
1047 4127 1142 4189 fv,
1165 4133 1214 4190 4,
1247 4131 1292 4181 1.
1332 4128 1606 4181 Nauna-us
1639 4136 1821 4180 autem
1852 4130 2099 4182 vertendt
2137 4126 2250 4181 sol*
2283 4127 2608 4194 bidentibus,
2643 4129 2914 4196 neser-um
2927 4129 3032 4197 fa-

692 4202 828 4261 tear,
864 4196 1210 4261 definiendus
1230 4214 1340 4250 non
1364 4205 1459 4263 cst,
1496 4213 1615 4249 cwm
1750 4204 1843 4249 nto
1868 4197 2118 4250 crebrior
2148 4197 2236 4263 eit,
2312 4195 2398 4248 lus
2421 4197 2691 4265 prodesse
2715 4196 3035 4274 fossionem

693 4265 996 4319 conveniat.
1054 4262 1207 4318 Idem
1241 4264 1333 4320 IV.
1378 4267 1458 4325 14,
1505 4267 1551 4318 1.
1607 4213 1959 4317 ubitam-ebroe
1977 4264 2233 4334 fossoris
2315 4265 2325 4276 “
2541 4264 2789 4334 requirit}
2827 4263 2923 4327 IV,
2965 4267 3029 4317 27

694 4348 720 4384 s
759 4372 771 4384 .
806 4330 902 4389 XI.
944 4334 993 4393 2,
1028 4336 1114 4385 44.
1154 4337 1235 4386 55.
1274 4331 1415 4386 Plin.
1613 4370 1626 4393 ,
1665 4334 1746 4388 21.
1784 4336 1863 4386 35.
1906 4332 2140 4401 Geopon.
2177 4331 2242 4391 V.
2283 4334 2363 4384 25.
2401 4334 2459 4385 et
2495 4330 2708 4386 Dissen.
2732 4330 2802 4386 ad
2827 4330 3028 4386 Tibull.

753 4438 765 4459 ‚
789 4403 836 4461 3,
862 4402 912 4452 6.
952 4430 1015 4437 ——-
1048 4399 1259 4454 solum
1291 4400 1734 4454 scindendum.
1776 4399 2042 4454 scindere
2067 4404 2124 4454 et
2213 4400 2498 4453 osc-indere
2524 4401 2747 4454 verbum
2773 4399 3032 4454 sollemne

691 4465 758 4520 de
791 4467 1047 4520 aratione.
1085 4467 1169 4521 Cf.
1206 4469 1331 4523 Geo.
1367 4469 1411 4531 1,
1452 4474 1534 4522 50.
1572 4467 1646 4525 Π.
1683 4470 1795 4521 237.
1836 4468 1936 4531 ΠΙ,
1979 4471 2095 4521 160.
2178 4467 2311 4521 lant.
2349 4466 2496 4521 Trin.
2532 4467 2606 4532 H,
2635 4471 2685 4529 4,
2719 4470 2829 4523 122.
2870 4467 3029 4522 Lucr.

691 4533 756 4595 V,
794 4538 912 4589 210.
950 4537 1009 4588 et
1041 4533 1107 4597 V,
1152 4538 1299 4589 1294.
1347 4536 1466 4590 Sen.
1507 4534 1700 4589 Troad.
1743 4537 1891 4590 1021.
1928 4538 1983 4590 et
2020 4533 2128 4589 vid.
2166 4534 2331 4590 Orell.
2368 4533 2439 4589 ad
2476 4535 2607 4589 Hor.
2644 4534 2741 4592 Od.
2781 4536 2828 4598 1,
2861 4539 2908 4601 1,
2949 4540 3030 4591 11.

690 4631 755 4641 --
789 4599 920 4662 400.
959 4601 1176 4656 versis
1210 4603 1616 4669 bidentibus,
1652 4603 1940 4671 ligonibus,
1968 4604 2059 4673 qui
2092 4606 2382 4658 vertuntur
2414 4603 2484 4658 ad
2513 4603 2738 4673 glaebas
2774 4604 3029 4672 frangen-
