3616 5026
1489 221 1969 289 BUCOLICA.
2021 221 2215 288 ECL.
2258 222 2342 286 11.
3012 227 3091 290 33

740 390 894 475 Nec,
941 392 999 457 si
1038 387 1414 456 muneribus
1462 397 1692 471 certes,
1738 387 2057 454 concedat
2094 386 2304 453 Iollas.

741 474 885 540 Heu
928 474 1074 555 heu,
1120 471 1275 561 quid
1318 471 1498 537 volui
1541 474 1776 537 misero
1820 471 2026 537 mihi?
2070 470 2339 538 floribus
2383 470 2697 536 Austrum

741 558 1046 624 Perditus
1094 569 1158 622 et
1198 555 1244 620 li
1291 555 1463 620 uidis
1506 556 1724 621 inmisi
1770 556 2058 621 fontibus
2103 578 2316 644 apros.

739 640 949 722 Quem
988 642 1190 727 fugis,
1237 662 1277 704 a
1324 689 1339 719 ,
1385 639 1696 705 demens?
1740 639 2120 705 habitarunt
2162 640 2230 706 di
2273 660 2526 727 quoque
2569 635 2769 703 silvas
3031 652 3095 704 60

733 894 849 945 251.
886 922 953 931 —-
989 889 1083 951 57.
1119 894 1494 947 muneribus
1527 897 1651 963 post
1690 910 1920 948 ”aunem
1959 893 2074 948 loco
2109 894 2210 948 sim
2247 894 2367 948 licis
2401 892 2560 948 Pron.
2598 891 2673 943 iis
2709 905 2831 944 cum
2864 888 2920 941 vi
2954 904 3100 958 repe-

735 960 914 1014 titum.
977 958 1107 1040 yid.
1143 978 1307 1032 supra
1341 960 1411 1015 ad
1446 977 1498 1015 V.
1521 965 1603 1015 33.
1638 992 1705 1002 —-
1744 969 1969 1015 certes.
2006 960 2115 1014 Alii
2140 911 2305 1016 Cogd,
2344 978 2465 1016 cum
2502 960 2648 1015 Serv.
2678 955 2881 1036 Dresd3
2906 965 3098 1011 certas.

730 1026 832 1081 Sed
859 1027 1243 1084 Comunctivus
1271 1032 1531 1099 praestat,
1570 1045 1690 1083 cum
1715 1028 1846 1083 haec
1882 1029 1955 1082 sit
1990 1030 2282 1085 sententia:
2322 1030 2522 1091 Alexis,
2559 1028 2796 1082 urbanae
2832 1027 2975 1078 vitae
3004 1023 3100 1078 ad-

731 1099 934 1157 suetuS,
974 1112 1078 1149 non
1119 1102 1274 1152 curat
1310 1097 1451 1150 dona
1488 1096 1706 1156 rustica.
1746 1112 1882 1165 quae
1910 1096 1957 1149 si
1980 1095 2326 1152 nihilominus
2352 1099 2570 1152 mittere
2594 1095 2771 1157 velim,
2809 1091 3097 1147 verendum

730 1166 830 1223 est,
868 1180 933 1219 ne
962 1163 1128 1218 Iollas
1154 1165 1286 1218 mihi
1320 1165 1518 1226 obstet,
1557 1165 1759 1219 maiora
1791 1167 1847 1218 et
1882 1164 2116 1217 lautiora
2150 1179 2373 1219 munera
2395 1166 2635 1219 mittens,
2659 1195 2725 1203 —
2752 1161 3096 1224 concedat,

730 1230 988 1285 donorum
1021 1232 1394 1301 amplitudine.
1470 1232 1774 1286 Com-edere
1807 1237 1990 1287 autem
2025 1248 2127 1285 non
2162 1232 2306 1285 idem
2334 1236 2435 1296 est,
2515 1232 2620 1287 uod
2643 1229 2864 1301 simplex
2892 1229 3097 1288 cedere,

730 1302 794 1352 ut
830 1298 993 1369 vulgo
1028 1299 1222 1354 docent
1258 1300 1350 1363 (cf.
1373 1300 1537 1354 Drak.
1575 1300 1643 1354 ad
1671 1300 1786 1355 Liv.
1813 1300 1885 1363 11,
1925 1304 2008 1361 47,
2046 1304 2093 1353 3.
2164 1299 2404 1355 Benecke
2442 1249 2512 1355 a}
2547 1301 2657 1354 Cio.
2693 1300 2813 1353 Cat.
2847 1296 2894 1376 1..
2920 1301 2972 1375 9⁹.
2996 1298 3096 1358 22„

728 1366 819 1420 ubi
856 1366 1022 1421 Orell.
1060 1370 1329 1422 concedas
1366 1369 1631 1431 restituit,
1668 1367 1867 1423 Matth.
1906 1367 1974 1422 ad
2012 1367 2120 1420 Cic.
2156 1367 2312 1422 Rosc.
2345 1369 2466 1421 Am.
2504 1372 2589 1422 40.
2624 1372 2798 1430 extu),
2839 1363 3099 1434 siqnidem

730 1434 893 1488 verba
934 1436 1230 1505 composita
1272 1452 1567 1505 numquam
1616 1435 1940 1505 simplicium
1983 1434 2099 1488 loco
2142 1439 2475 1504 usurpantur
2517 1435 2604 1501 (cf.
2652 1435 2975 1489 Stallbaum.
3027 1430 3096 1484 ad

730 1501 982 1555 Ruddim.
1018 1502 1155 1557 Inst.
1192 1504 1264 1558 ΙΙ.
1303 1522 1355 1573 p.
1393 1507 1549 1566 372),
1597 1503 1690 1557 sed
1735 1504 1934 1557 maiore
1975 1503 2028 1555 vi
2071 1501 2294 1556 dictum.
2366 1501 2448 1556 Cf.
2494 1502 2669 1557 Kritz.
2707 1502 2777 1556 ad
2811 1499 2942 1557 Sall.
2977 1499 3096 1578 lug.

736 1573 813 1628 11.
854 1574 904 1623 4.
975 1570 1225 1625 Ceterum
1269 1571 1547 1640 vulgarem
1589 1570 1872 1625 lectionem
1915 1571 2182 1624 conc-edat
2222 1570 2258 1623 S
2297 1570 2421 1623 ohn.
2483 1585 2545 1624 ex
2593 1571 2778 1638 paucis
2832 1568 2986 1623 libris
3043 1584 3096 1620 m

729 1638 986 1690 concedet
1013 1639 1328 1693 mutandam
1367 1643 1565 1701 censet,
1604 1655 1726 1693 cum
1761 1654 1950 1693 sensus
1984 1654 2088 1692 non
2127 1639 2224 1692 sit:
2286 1640 2495 1691 ortasse
2529 1653 2632 1690 non
2672 1637 2947 1699 concedat,
2983 1635 3100 1689 fieri

765 1705 927 1765 ossit.
974 1709 1040 1759 ut
1083 1722 1187 1760 non
1222 1706 1506 1771 concedat,
1545 1706 1664 1761 sed:
1726 1722 1850 1761 vere
1886 1722 1990 1760 non
2026 1706 2305 1768 concedet;
2364 1720 2462 1758 nos
2497 1708 2682 1759 tamen
2716 1704 2784 1758 ob
2819 1704 3099 1758 meliorum

842 1772 895 1827 d.
942 1788 1286 1854 consensum,
1323 1778 1388 1827 ut
1429 1774 1748 1855 recentiores
1791 1773 2022 1829 editores
2074 1790 2280 1835 omnes9
2327 1772 2707 1827 Coniunctivos
2749 1771 3095 1857 servavimus,

764 1856 1054 1988 Πέἰῗέἐιξξέ
1107 1841 1780 1989 ἕκαθεῐᾳιὲωῗέᾗεὲιῗωὲὶ
1816 1841 2393 1978 ἵζίοὒῇυξὲθιιῗὼὲιῖιῗ
2425 1838 2812 1987 θέεεξοὸιξρεέ.
2879 1909 2891 1932 ’
2914 1881 2926 1893 ’
2983 1843 3099 1961 {2:²2

726 1974 916 2039 lenius,
966 1980 1089 2045 post
1132 1977 1330 2031 Mezze
1362 1993 1582 2046 gravius
1630 1982 2017 2047 mterpungens
2064 1980 2118 2030 et
2155 1991 2276 2030 cum
2320 1977 2455 2030 Mor.
2501 1977 2546 2030 I.
2584 1975 2869 2043 Servioque
2904 1972 3095 2028 Dresd.

727 2045 980 2097 concedit
1023 2044 1208 2114 legens
1221 2086 1234 2110 ,
1289 2044 1467 2099 locum
1512 2045 1591 2098 sic
1633 2045 1888 2113 explicat:
1964 2085 1996 2109 „
2009 2044 2239 2098 Frustra
2289 2059 2594 2112 expugnare
2651 2042 2800 2111 cupis
2859 2056 3097 2095 amorem

727 2110 992 2175 Alexidis3
1054 2127 1178 2167 uam
1224 2128 1331 2167 non
1374 2112 1532 2167 modo
1577 2120 1733 2166 temet
1774 2112 1954 2182 ipsum
1997 2116 2061 2165 ut
2102 2111 2363 2165 rusticum
2410 2114 2754 2180 aspernatur.
2794 2109 2888 2164 sed
2932 2107 3095 2163 etiam

725 2196 955 2233 manera
993 2181 1145 2248 parvi
1183 2180 1331 2235 facit.
1405 2183 1484 2234 Ac
1521 2181 1568 2235 si
1602 2180 1950 2234 nihilominus
2000 2195 2122 2233 eum
2165 2178 2477 2232 muneribus
2516 2195 2580 2232 ca
2618 2195 2705 2233 ere
2741 2177 2953 2241 studes,
3000 2177 3091 2230 ob-

728 2250 845 2300 stat
894 2247 1142 2301 dominus
1188 2248 1380 2311 IollaS,
1444 2249 1536 2318 qui
1577 2248 1661 2302 illi
1703 2248 1876 2302 multo
1912 2263 2000 2301 am
2038 2247 2175 2301 liora
2209 2250 2264 2301 et
2298 2246 2535 2301 lautiora
2607 2262 2709 2300 ona
2746 2246 2935 2301 offerre
2971 2261 3092 2314 pos-

729 2315 862 2367 sit.“
935 2314 1018 2369 Cf.
1066 2315 1229 2370 etiam
1272 2317 1422 2370 locus
1469 2315 1775 2370 simillimus
1823 2315 1932 2370 Ecl.
1969 2315 1996 2368 1
2058 2356 2070 2378 ,
2112 2318 2175 2369 58
2213 2332 2239 2367 s
2280 2357 2291 2369 .
2339 2318 2394 2368 et
2436 2314 2626 2383 Wagn.
2673 2314 2772 2380 Qu.
2809 2313 2958 2383 Virg.
2995 2312 3088 2375 VI,

729 2386 776 2436 3.
812 2386 862 2435 4.
903 2414 969 2422 —
1004 2382 1252 2446 Iollae,
1290 2384 1537 2438 dominus
1573 2384 1722 2453 pueri
1759 2382 1918 2438 huius
1947 2382 2182 2437 delicati.
2216 2382 2242 2435 1
2283 2398 2365 2437 em
2405 2381 2519 2436 heri
2554 2397 2744 2436 nomen
2782 2381 2870 2447 (de
2929 2396 2997 2434 uo
3023 2381 3091 2434 cf.

729 2449 912 2519 Unger
945 2451 1011 2504 ‹le
1048 2450 1240 2522 Valgio
1275 2452 1415 2506 Rufo
1452 2469 1503 2522 p.
1539 2456 1678 2507 420.)
1714 2451 1857 2506 redit
1892 2450 2005 2505 Ecl.
2041 2449 2143 2510 III,
2182 2453 2259 2504 76.
2314 2449 2418 2503 Hic
2452 2449 2750 2504 Pollionem
2785 2449 2840 2502 in
2946 2449 2957 2461 ⁶
3000 2464 3090 2502 en-

728 2518 856 2573 dum
894 2519 1082 2583 videri,
1119 2520 1174 2573 in
1195 2520 1516 2590 Argumenti
1553 2536 1728 2589 expos,
1769 2519 1992 2574 dictum.
2026 2550 2092 2557 —
2128 2517 2221 2579 58.
2258 2517 2350 2578 59.
2387 2518 2488 2572 His
2524 2519 2765 2573 versibus
2836 2517 3090 2572 roverbiis

726 2603 857 2640 usus
892 2603 953 2640 ex
988 2587 1105 2642 vita
1136 2588 1429 2656 pastoricia
1465 2589 1697 2657 sumptis
1735 2603 1976 2642 summae
2012 2586 2281 2640 stultitiae
2316 2602 2373 2640 se
2408 2589 2629 2641 accusat
2662 2586 2799 2654 Cory
2839 2601 2931 2650 on,
2982 2585 3088 2664 qui,

728 2669 848 2707 cum
888 2670 1023 2708 vano
1059 2656 1228 2710 amori
1262 2672 1366 2710 non
1406 2657 1521 2710 sine
1556 2672 1752 2725 magno
1788 2672 1967 2710 rerum
2013 2670 2232 2707 suarum
2279 2654 2603 2708 detrimento
2647 2652 2736 2718 (cf.
2774 2670 2822 2707 v.
2861 2656 2964 2716 70.)
3009 2669 3089 2706 m·

730 2721 996 2802 dulgent,
1034 2738 1139 2777 non
1176 2724 1352 2778 minus
1389 2724 1666 2779 dementer
1700 2723 1888 2792 egerit,
1938 2738 2099 2792 quam
2133 2723 2225 2792 qui
2259 2722 2540 2786 Austrum,
2578 2725 2798 2775 ventum
2833 2721 3089 2801 pernicio-

729 2790 1001 2843 sissimum
1039 2790 1168 2854 (vid.
1203 2791 1384 2855 infra),
1422 2790 1643 2845 fioribus
1682 2792 1737 2856 (i.
1774 2807 1819 2845 e.
1846 2791 2041 2852 horto),
2081 2795 2178 2844 aut
2210 2789 2514 2843 immundos
2538 2805 2696 2858 apros
2732 2788 2934 2858 liquido
2952 2788 3086 2841 fonti

730 2857 894 2912 vellet
927 2857 1237 2913 immittere.
1276 2859 1498 2924 (Fontes
1533 2862 1714 2913 autem
1751 2875 1856 2912 non
1891 2859 2070 2911 minus
2106 2872 2265 2927 quam
2282 2857 2428 2911 horti
2462 2857 2814 2911 arcendamm
2851 2855 3087 2910 ferarum

731 2928 786 2979 et
819 2926 1084 2994 pecudum
1132 2942 1295 2981 causa
1340 2926 1758 2996 saepiebantur.)
1829 2926 2058 2995 Ideoque
2094 2924 2433 2994 praevidenS,
2469 2940 2531 2978 se
2565 2925 2652 2979 vix
2687 2939 2940 2993 umquam
2975 2922 3086 2977 voti

730 2993 815 3046 sui
838 3009 954 3047 com
1026 3001 1137 3049 tem
1166 2995 1427 3057 futurum,
1466 2995 1574 3048 iam
1608 2995 1664 3048 in
1699 3011 1759 3049 eo
1785 2999 1885 3055 est,
1923 2997 1988 3047 ut
2023 2993 2299 3062 resipiscat
2325 2998 2381 3046 et
2416 2993 2666 3046 insanum
2691 3007 2926 3046 amorem
2960 2991 3086 3044 mit-

730 3064 841 3123 tat;
879 3077 936 3116 se
978 3100 991 3122 ‚
1030 3067 1094 3115 ut
1130 3078 1244 3115 mos
1279 3064 1362 3116 est
1398 3063 1589 3116 misere
1623 3062 1939 3124 amantium,
1978 3076 2201 3141 quorum
2239 3060 2404 3114 animi
2440 3060 2516 3114 ad
2546 3059 2912 3114 diversissima
2943 3058 3086 3112 abri-

729 3128 976 3198 piuntur,
1021 3145 1141 3182 mox
1185 3146 1372 3184 rursus
1415 3132 1594 3184 furere
1635 3130 1825 3199 incipit
1868 3134 1923 3183 et
1965 3128 2172 3187 iisdem.
2218 3128 2412 3197 quibus
2447 3130 2626 3192 antea,
2663 3127 2806 3181 curis
2842 3126 3083 3180 cruciari.

730 3195 1002 3260 Auster,
1038 3196 1255 3251 Graecis
1295 3198 1460 3260 νότος
1495 3196 1817 3266 appellatus),
1855 3213 1950 3265 pro
1989 3201 2076 3250 ter
2112 3201 2289 3250 aerem
2324 3195 2723 3264 gravissimum,
2799 3210 2920 3248 uem
2956 3193 3082 3247 affe-

729 3264 887 3318 rebat
920 3262 1133 3325 Italiae‚
1207 3265 1650 3319 erniciosissimus
1682 3265 1791 3319 fuit
1825 3271 1882 3318 et
1914 3281 1949 3332 p
2046 3264 2117 3317 tis
2153 3267 2208 3317 et
2242 3262 2563 3317 hominibus.
2602 3263 2705 3328 (Cf.
2742 3259 2787 3315 P
2814 3261 2824 3273 ⁸
2871 3303 2883 3316 .
2918 3260 3081 3322 11‚48.

730 3330 873 3393 XVI,
908 3334 992 3385 46.
1204 3332 1249 3394 Ι,
1290 3337 1388 3396 76.,
1426 3333 1566 3387 liber
1600 3349 1749 3387 meus
1784 3332 2008 3386 Handh.
2049 3333 2103 3385 d.
2143 3330 2239 3384 alt.
2277 3329 2481 3401 Geoqr.
2543 3330 2660 3384 Vol.
2702 3329 2743 3383 1.
2781 3346 2833 3398 p.
2869 3331 2968 3382 608
3002 3345 3081 3408 sq.

730 3402 786 3453 et
855 3415 953 3453 uos
989 3398 1182 3454 laudat
1205 3399 1405 3455 Obbar.
1441 3400 1511 3454 ad
1536 3400 1666 3455 Hor.
1700 3400 1798 3469 Ep.
1835 3400 1880 3464 1,
1919 3403 1965 3460 7,
2005 3404 2159 3468 5sqq.
2197 3397 2318 3454 Vol.
2354 3398 2400 3452 I.
2430 3416 2488 3478 p.
2518 3402 2675 3452 357³.
2713 3397 2885 3462 Quare
2919 3395 3080 3458 horti,

731 3467 1955 3590 3¹2m⁶51⁵10¹i⁰t⁰¹2t’·³¹²⁸t.2i1¹‡1⁸*{¹·²3³b‘³⁰¹⁰i‘⁸i¹¹t11¹1¹‘
1988 3466 2669 3588 3⁵30¹³¹²÷¹²12225¹¹f2¹5⁸30¹¹1t
2708 3496 2783 3585 a*
2800 3463 3082 3585 2⁵3⁶&ssss

1013 3552 1293 3590 omma
1483 3552 1946 3597 1e1s0.,
2091 3576 2101 3587 .
2344 3551 2884 3594 ,su.‚‚.
3069 3572 3082 3584 .

730 3601 828 3656 Od.
869 3602 913 3664 1,
956 3606 1047 3665 35,
1077 3552 1170 3658 {a
1230 3604 1304 3665 11,
1348 3608 1432 3663 14.
1475 3609 1521 3659 1.
1566 3608 1622 3658 et
1663 3603 1821 3666 alibi;
1867 3617 2026 3672 quam
2102 3617 2187 3655 am
2232 3601 2418 3679 negari
2459 3602 2663 3671 nequit,
2709 3601 2761 3653 in
2813 3598 3081 3652 nonnullis

731 3669 988 3724 eiusmodi
1022 3669 1153 3725 locis
1186 3672 1517 3740 geminatam
1556 3670 1987 3725 Interiectionem
2061 3668 2203 3723 eberi
2245 3667 2557 3728 editoribus,
2597 3667 2761 3722 Codd.
2800 3665 3083 3721 lectionem

731 3737 863 3791 eheu
900 3738 968 3791 ob
1000 3739 1214 3793 inanem
1249 3738 1316 3793 de
1351 3743 1524 3794 metro
1559 3738 1950 3793 dubitationem
1991 3737 2165 3806 (quasi
2209 3735 2341 3789 eheu
2382 3738 2595 3791 iambus
2638 3739 2799 3798 esset)
2842 3735 2924 3788 ita
2966 3751 3083 3789 mu-

730 3806 1004 3870 tantibus3
1065 3822 1172 3876 qua
1216 3805 1282 3861 de
1329 3824 1386 3862 re
1434 3807 1502 3862 cf.
1538 3806 1738 3860 Handii
1776 3805 1932 3859 Ture.
1967 3805 2043 3859 11.
2079 3821 2129 3873 p.
2167 3805 2265 3856 358
2294 3820 2373 3873 sq.
2421 3807 2477 3858 et
2524 3804 2708 3858 Burni.
2748 3801 2816 3857 ad
2851 3802 2904 3856 h.
2939 3802 2978 3856 1.
3016 3834 3079 3843 -

732 3872 1088 3939 Per-ditus,
1147 3876 1181 3930 i.
1218 3890 1261 3928 e.
1300 3873 1507 3944 perdite
1541 3891 1753 3938 amane,
1802 3889 1981 3927 amore
2028 3871 2179 3941 quasi
2216 3870 2469 3926 delirans.
2530 3872 2612 3926 Cf.
2648 3870 2759 3925 Ecl.
2796 3869 2958 3932 VIII,
2998 3874 3078 3924 88.

733 3941 847 4002 (ubi
888 3940 998 3994 vid.
1044 3940 1279 4006 adnott.)
1332 3942 1490 4012 Prop.
1528 3943 1581 4006 1,
1627 3945 1714 4004 13,
1766 3946 1813 3996 7.
1859 3944 1914 3996 et
1956 3939 2138 3994 Plaut.
2187 3939 2322 3994 Cist.
2357 3940 2414 4000 1,
2453 3943 2509 4002 2,
2551 3943 2654 4002 13.,
2705 3938 2796 3992 ubi
2844 3937 3077 4008 plenius:

733 4010 934 4062 Amore
976 4009 1110 4063 haec
1143 4010 1373 4080 perdita
1414 4019 1506 4065 est.
1551 4043 1613 4050 —-
1671 4009 1983 4078 liquidis,
2031 4007 2319 4061 fluentibus
2366 4007 2588 4077 ideoque
2632 4005 2886 4075 limpidis.
2956 4006 3078 4060 vid.

736 4078 861 4130 Aen.
900 4076 994 4140 IX,
1032 4080 1148 4132 679.
1224 4076 1493 4147 liquentia
1526 4078 1762 4147 flumina
1805 4081 1862 4130 et
1906 4075 2113 4131 adnott.
2170 4073 2241 4128 ad
2278 4075 2404 4130 Geo.
2445 4075 2527 4138 11,
2581 4079 2691 4129 187.
2733 4106 2796 4115 —
2835 4075 3078 4128 inmisi.

732 4143 1069 4224 Optimorum
1125 4144 1382 4200 librorum
1440 4146 1821 4200 auctoritatem
1881 4147 2095 4199 secutus
2150 4141 2400 4212 Praepos.
2451 4144 2521 4196 in
2573 4149 2699 4197 ante
2752 4161 2806 4195 m
2847 4142 2902 4195 in
2948 4142 3078 4197 Ver·

732 4211 816 4264 bis
850 4212 1160 4282 compositis
1198 4213 1392 4283 ubique
1427 4214 1652 4270 servavi.
1721 4212 1803 4267 Cf.
1830 4210 2084 4281 Wagneri
2117 4209 2271 4265 Orth.
2311 4211 2469 4280 Verg.
2505 4228 2556 4279 p.
2579 4213 2695 4265 410.
2732 4213 2788 4264 et
2823 4209 3078 4265 Ribbeck.

732 4279 942 4348 Proleg.
1018 4324 1031 4335 .
1056 4284 1175 4336 432.
1214 4282 1466 4336 Ceterum
1500 4281 1567 4337 de
1601 4281 1684 4335 his
1718 4280 2092 4340 locutionibus,
2130 4293 2264 4347 quae
2291 4280 2343 4331 in
2369 4278 2649 4347 proverbio
2673 4278 2838 4331 fuisse
2863 4277 3077 4333 videan-

733 4353 840 4408 tur,
868 4349 937 4403 cf.
1064 4350 1157 4403 eis.
1183 4349 1362 4419 Spicil.
1391 4368 1442 4420 p.
1468 4356 1515 4404 5.
1543 4382 1609 4390 —
1644 4347 1733 4408 60.
1768 4347 2048 4404 Sententia
2069 4344 2198 4400 haec
2222 4350 2329 4401 est:
2371 4346 2482 4400 Cur
2513 4362 2601 4401 me
2633 4345 2820 4415 fugis?
2856 4362 2927 4399 an
2953 4346 3079 4416 quia

734 4415 967 4471 rusticus
1003 4417 1164 4472 sum‘?
1222 4420 1297 4472 At
1338 4434 1405 4472 ne
1449 4418 1522 4473 dii
1571 4417 1784 4488 quidem
1824 4418 1881 4470 et
1924 4416 2107 4470 heroes
2143 4413 2400 4483 fugerunt
2434 4414 2757 4468 rusticorum
2793 4417 3015 4468 consuet
3052 4444 3075 4455 -

736 4481 913 4538 dinem
954 4487 1010 4539 et
1046 4501 1167 4539 cum
1201 4502 1413 4540 summa
1447 4487 1726 4556 voluptate
1763 4484 1875 4538 ruri
1908 4482 2106 4538 versati
2138 4487 2283 4538 sunt.
2341 4482 2598 4537 Formula
2637 4481 2825 4544 Quem
2845 4482 3079 4551 sugis!

736 4549 876 4605 redit
907 4554 1039 4608 Aen.
1074 4553 1142 4616 V,
1172 4556 1285 4607 742.
1324 4557 1381 4608 et
1404 4553 1498 4618 VI,
1525 4558 1643 4608 466.
1675 4553 1970 4607 Imitantur
2001 4550 2143 4604 hunc
2176 4548 2351 4605 locum
2387 4549 2546 4619 Prop.
2585 4549 2691 4612 111,
2729 4552 2812 4612 28,
2857 4554 2901 4602 1.
2959 4548 3078 4611 Quo

725 4619 907 4688 suqis,
943 4621 1034 4687 ala,
1069 4622 1317 4675 demens!
1373 4623 1430 4676 et
1465 4622 1721 4691 Calpurn.
1755 4619 1858 4684 XI,
1901 4623 1980 4673 16.
2036 4633 2253 4687 quemve
2274 4618 2478 4687 sapis?
2528 4622 2594 4672 ut
2634 4617 2797 4674 etiam
2831 4620 2992 4686 poeta
3021 4618 3074 4671 in

836 4715 1065 4755 vunan..
1125 4716 1269 4755 mas
1312 4715 1352 4755 1.
1412 4717 1505 4756 nn.
1546 4717 1629 4756 Π.
2629 4700 2659 4749 3
